2286 4238
552 392 595 447 w
618 377 658 461 78
681 393 723 448 ee

243 500 338 562 nimis
356 495 532 575 etdecora,
550 517 648 582 quam
658 495 785 574 juvenis
801 495 962 558 adamavit
971 498 1041 582 qui·

244 616 340 698 dam;
362 615 420 680 sed
441 615 523 679 adeo
543 631 628 678 casta
644 632 726 696 crat,
750 632 787 679 ut
806 638 881 678 eum
905 615 1040 678 omnino

243 746 425 816 sperneret,
446 729 563 808 eteius
581 751 726 794 amorem
744 744 920 814 respueret.
944 727 1040 790 Unde

244 849 356 917 dolens
379 849 461 917 adeo
479 847 635 929 efficitur,
655 865 691 912 ut
710 871 824 936 magna
847 846 1040 935 egritudine

243 967 464 1056 stringeretur,
476 992 535 1058 pro
549 993 614 1055 qna
627 942 722 1057 culpa
736 969 961 1033 miserabiliter
971 968 1041 1031 haec

244 1110 341 1176 supra
352 1089 438 1155 dicta
450 1089 514 1155 filia
525 1115 597 1155 mea
608 1093 641 1154 in
652 1090 833 1154 caniculam
845 1105 966 1152 mutata
981 1104 1039 1150 est.

245 1201 304 1273 His
317 1202 411 1269 «lictis
420 1227 485 1292 prae
498 1203 600 1273 nimio
612 1203 724 1269 dolore
734 1204 842 1291 erupit
850 1203 883 1265 in
893 1201 1040 1267 lacrimas

245 1337 325 1379 anus
343 1317 406 1381 illa.
427 1317 480 1382 Ad
502 1319 571 1383 haec
590 1318 742 1382 faemina:
758 1317 864 1400 Quid,
885 1338 959 1384 cara
978 1313 1040 1376 do-

245 1429 350 1510 mina,
365 1431 476 1494 similis
487 1432 611 1517 peccati
624 1432 770 1511 conscia,
786 1429 881 1516 quid,
893 1430 1041 1514 inquam,

244 1544 367 1615 factura
380 1542 474 1607 sum?
488 1543 542 1606 Me
560 1545 679 1613 etenim
694 1544 806 1607 dilexit
818 1546 966 1625 juvenis,
984 1546 1043 1609 sed

246 1679 355 1720 amore
377 1656 529 1719 castitatis
559 1679 635 1720 eum
663 1657 866 1744 contempsi,
891 1675 923 1721 et
947 1658 1043 1723 simili

247 1769 345 1832 modo
361 1771 392 1834 ei
407 1770 550 1857 contigit.
567 1771 628 1833 Cui
639 1791 738 1832 anus:
755 1769 867 1832 Laudo
883 1771 956 1853 tibi,
971 1796 1043 1835 cara

245 1879 363 1962 amica,
388 1898 540 1968 utquam
567 1883 661 1946 citius
684 1883 804 1970 poteris
825 1884 925 1962 hujus
944 1887 1042 1949 mise·

246 1993 344 2054 rearis
363 2010 395 2055 et
413 1993 503 2079 quod
517 1994 631 2082 quaerit
649 1995 763 2076 facias,
783 2018 824 2058 ne
842 2012 874 2058 et
892 2010 928 2058 tu
946 1997 1044 2060 simili

247 2107 346 2171 modo
359 2109 392 2171 in
404 2133 517 2173 canem
527 2111 670 2173 muteris.
685 2111 718 2174 Si
729 2110 817 2173 enim
831 2112 948 2174 scirem
960 2113 1045 2177 inter

243 2223 397 2300 juvenem
407 2221 599 2310 praedictum
610 2239 641 2286 et
651 2221 748 2286 filiam
764 2246 868 2286 meam
883 2247 1042 2306 amorem,

246 2359 425 2423 numquam
443 2336 477 2398 in
494 2359 608 2400 canem
625 2352 805 2399 mutaretur
823 2335 897 2401 filia.
918 2339 979 2400 Cui
1001 2341 1046 2404 ait

246 2450 362 2514 mulier
374 2467 477 2513 casta:
491 2450 639 2514 Obsecro
651 2465 688 2512 ut
700 2449 873 2513 consilium
884 2450 982 2529 hujus
997 2452 1046 2514 rei

246 2562 324 2624 utile
338 2561 443 2642 dicas,
459 2585 501 2625 ne
515 2563 646 2650 propria
662 2562 766 2625 forma
781 2563 905 2649 privata
925 2564 1046 2629 efficiar

248 2674 403 2737 canicula.
425 2676 541 2737 Anus:
561 2675 714 2738 Libenter
732 2698 792 2762 pro
811 2676 873 2738 Dei
889 2676 999 2740 amor'e
1015 2695 1047 2740 et

246 2787 392 2853 remedio
409 2788 523 2851 animae
544 2811 637 2869 meae,
660 2806 692 2852 et
706 2790 782 2875 quia
801 2791 956 2854 misereor
977 2793 1045 2872 tui,

248 2903 338 2965 hunc
359 2899 584 2989 supradictum
604 2902 760 2980 juvenem
781 2924 942 2988 quaeram‚
966 2920 999 2967 et
1020 2906 1047 2967 si

249 3039 313 3103 quo
336 3018 483 3081 invenire
507 3032 637 3103 potero,
668 3014 710 3078 ad
732 3032 764 3079 te
791 3016 958 3082 reducam.
985 3020 1047 3082 Cui

250 3132 364 3218 gratias
391 3133 456 3221 egit
484 3129 619 3210 mulier,
643 3130 744 3193 etsie
768 3152 849 3193 anus
875 3130 1047 3199 artificiosa

251 3241 343 3306 dictis
360 3244 459 3309 fidem
470 3244 618 3331 praebuit.
634 3245 740 3326 Quem
757 3245 907 3331 promisit
919 3245 1049 3310 reduxit

248 3354 418 3437 juvenem,
437 3357 528 3421 etsie
545 3379 600 3421 eos
619 3355 803 3426 adsociavit.
