2286 4238
471 365 515 422 b
540 348 601 436 196
622 362 666 423 Q

211 468 306 533 Hunc
325 491 402 534 vero
423 470 457 533 in
473 469 610 535 modum
627 472 829 536 transeuntia
852 471 959 537 mundi

166 588 284 679 gaudia
299 605 456 655 sectantes
474 607 508 656 et
522 590 657 657 diversis
672 608 711 656 ut
722 593 893 661 ,retineant
909 595 958 657 in·

166 712 292 778 hiantes
314 711 355 777 de
382 712 559 802 improviso
583 714 717 779 veniens
741 713 813 780 dies
840 732 873 780 et
893 714 959 779 finis

169 833 242 898 vite
257 832 436 922 intercipit,
456 848 489 896 et
505 855 642 921 quoeque
660 833 773 923 cupita
784 833 888 899 velint
904 857 960 897 no·

166 951 228 1017 lint
241 953 364 1018 adimit.
382 955 467 1018 Item
480 953 565 1018 filius
583 975 591 1016 ε
609 953 728 1018 Mortis
739 975 846 1018 nexus
858 954 961 1042 aliquo

168 1071 269 1137 modo
290 1073 403 1162 fugere
428 1072 631 1162 poterimus?
662 1074 756 1138 Pater
780 1096 788 1137 ε
810 1073 961 1154 Minime,

167 1195 323 1283 quonism
344 1194 429 1258 illius
454 1210 503 1258 est
526 1194 713 1258 incurabilis
735 1214 883 1275 morsus,
906 1216 962 1258 nec

169 1312 303 1378 medicis
315 1314 438 1378 artibus
448 1313 517 1394 ejus
529 1335 651 1377 amaras
660 1313 827 1402 fugiemus
840 1335 962 1377 manus.

169 1435 300 1499 Filius:
325 1434 503 1517 Quomodo
530 1457 625 1524 ergo,
653 1457 695 1498 ne
722 1435 820 1498 nimis
854 1433 960 1513 laedet,

169 1555 425 1619 sustinebimus?
447 1556 541 1619 Pater
554 1576 563 1619 t
577 1557 641 1620 Fac
657 1554 744 1619 sicut¹
761 1554 844 1618 dicit
864 1552 962 1618 versi·

171 1671 299 1737 ficator:

242 1826 313 1891 Quod
324 1825 408 1875 vitare
419 1826 504 1891 nequis
515 1827 637 1876 constanti
644 1828 736 1893 suscipe
746 1838 825 1877 munte
831 1847 841 1885 ,-

274 1930 313 1978 Sic
323 1947 379 1996 qnoe
389 1930 452 1980 dura
458 1927 513 1995 fuit
523 1946 587 1978 mors
597 1929 641 1978 tibi
650 1929 714 1980 mitt's
723 1929 777 1980 nit.

396 2207 593 2276 FABULA
617 2207 739 2275 XXX.

215 2390 346 2454 Dictum
366 2406 415 2453 est
431 2387 473 2452 dc
493 2384 636 2474 quodam
657 2386 857 2477 Philosopbo
880 2387 968 2476 quod

173 2527 232 2594 per
250 2503 419 2589 antiquum
430 2498 589 2565 transiens
605 2500 802 2564 cimiterium
818 2501 969 2564 laminam

173 2615 257 2680 vidit
265 2636 481 2677 marmoream
492 2610 662 2694 cujusdam
672 2613 793 2676 mortui
806 2614 969 2679 cineribus

173 2726 430 2814 superpositam,
464 2724 522 2788 sed
547 2726 581 2788 in
611 2738 649 2789 ea
679 2731 792 2789 versus
824 2727 971 2815 inscripti

173 2841 275 2907 verba
285 2837 404 2927 sepulti
416 2839 686 2926 pretereuntibus
694 2839 858 2927 loquentis
869 2834 972 2931 expri-

174 2956 307 3021 mebant
327 2953 391 3017 hoc
415 2948 539 3015 modo:

246 3104 281 3150 Tu
285 3119 364 3169 prope
375 3099 419 3166 qui
425 3099 527 3160 transis,
538 3116 583 3148 nec
591 3099 651 3148 dicis
659 3111 745 3166 aveto,
757 3101 856 3160 resiste,·
921 3095 923 3100 ’

278 3199 383 3246 Auribus
395 3197 420 3245 in
430 3196 508 3245 cordis
517 3195 568 3245 baec
577 3214 633 3246 mea
642 3199 720 3246 verba
731 3210 795 3248 tenc.

244 3297 298 3341 Sum
308 3296 375 3360 quod
383 3294 431 3343 eris
436 3329 445 3352 ,
460 3294 527 3359 qnod
534 3309 560 3341 es
570 3293 685 3360 tpsefni,
697 3294 791 3344 derisor
797 3313 893 3345 amarae

281 3387 366 3438 Mortis
375 3391 433 3439 dum
444 3388 525 3450 licuit,
531 3406 594 3453 pace
600 3389 779 3456 juvantefiui,·
