2286 4238
472 376 515 434 ι
541 360 601 438 ι34
622 374 667 431 <a

219 482 307 545 Dixit
322 480 558 567 Philosophus:
574 482 706 543 Honora
720 480 885 543 minorem
898 494 980 546 teet

176 599 216 664 da
225 600 287 665 sibi
298 600 338 664 de
353 616 411 664 tuo
423 600 563 664 sicutvis
573 598 664 685 quod
674 599 820 679 majorae
830 600 980 665 honoret

176 738 209 785 et
225 721 266 785 de
280 743 340 786 suo
356 721 416 784 tibi
432 720 562 784 tribuat.
573 720 665 783 Alius
682 741 690 783 ε
709 719 822 807 Turpe
833 719 975 806 quidem

175 859 224 905 est
249 843 387 905 multum
414 840 506 904 diviti
533 860 603 904 esse
628 860 776 919 ararum,
809 838 976 904 mediocri

173 963 348 1050 pulchrum
371 982 439 1024 esse
452 960 589 1047 largum.
608 958 794 1045 Discipulus
816 958 862 1021 ait
877 980 888 1022 z
902 960 975 1023 Dir-

175 1078 354 1143 fiuitionern
366 1080 446 1168 largi
460 1096 491 1142 et
508 1078 596 1141 avari
605 1093 638 1143 et
653 1076 781 1165 prodigi
798 1076 883 1139 mihi
894 1078 975 1143 sub-

179 1200 296 1262 scribe.
312 1199 427 1262 Pater:
447 1196 513 1278 Qui
532 1195 587 1259 dat
604 1194 723 1281 quihus
740 1192 888 1258 dandum
904 1212 973 1277 est,

177 1336 209 1381 et
221 1320 339 1382 retinet
350 1319 469 1405 quihus
482 1314 689 1379 retinendum
703 1331 766 1395 est,
779 1314 891 1403 largus
907 1332 973 1396 est3

177 1438 234 1524 qui
251 1438 404 1525 prohibet
420 1437 539 1524 quibus
555 1433 799 1524 prohibendum
816 1456 885 1499 non
904 1451 971 1517 est,

176 1578 288 1618 avarus
305 1572 374 1635 est3
401 1557 458 1642 qui
484 1555 539 1618 dat
553 1554 674 1641 quibus
698 1551 843 1617 dandum
866 1568 919 1618 est
940 1570 975 1620 et

176 1674 296 1758 quibus
315 1694 381 1735 non
401 1688 450 1735 est
473 1672 636 1754 dandum,
663 1670 831 1760 prodigus.
852 1672 973 1739 Alius:

175 1789 251 1854 Noli
266 1792 416 1854 associari
437 1792 486 1855 rei
506 1789 669 1855 deficienti
690 1804 723 1854 et
746 1812 788 1852 ne
803 1812 972 1879 proponas

174 1925 206 1972 te
231 1910 280 1972 rei
305 1910 471 1975 crescenti.
493 1909 611 1973 Alius:
638 1908 740 1997 Magis
760 1908 847 1972 valet
869 1930 975 1997 parva

172 2027 338 2093 beatitudo
351 2051 449 2116 quam
458 2029 554 2117 plena
563 2027 680 2091 domus
689 2048 769 2091 auro
781 2043 813 2091 et
821 2042 969 2116 argento.

171 2147 289 2212 Alius:
314 2148 412 2211 Utilia
439 2147 592 2235 perquire
617 2167 735 2234 magno
758 2167 875 2227 sensu,
902 2168 972 2211 uon

172 2290 287 2357 magna
302 2270 481 2333 velocitate.
504 2268 596 2331 Alius
615 2290 624 2330 τ
641 2266 691 2330 Ne
704 2267 858 2354 respicias
872 2266 973 2333 ditio·

171 2409 241 2451 rem
261 2404 290 2452 te
311 2412 352 2452 ne
371 2391 406 2452 in
426 2410 503 2452 eum
518 2408 650 2475 pecces,
667 2385 726 2448 sed
737 2386 862 2473 respice
883 2408 971 2475 pau-

168 2506 331 2590 periorem
341 2524 372 2570 te
386 2525 419 2571 et
432 2506 510 2570 inde
524 2522 627 2594 grates
641 2508 711 2569 Deo
728 2504 841 2569 redde.
854 2506 948 2571 Alius
960 2529 970 2570 τ

171 2622 247 2686 Non
264 2623 403 2711 deneges
420 2628 527 2688 Deum
543 2649 603 2713 pro
619 2640 824 2713 paupertate,
838 2646 901 2712 pro
915 2624 971 2690 di·

168 2743 254 2806 vitiis
268 2743 335 2805 noli
351 2745 532 2830 superbire.
548 2746 640 2808 Alius
661 2767 669 2808 :
688 2745 843 2832 Quisquis
861 2747 969 2812 multa

169 2862 274 2949 cupit,
289 2862 448 2941 majorum
468 2862 552 2925 same
569 2864 713 2927 tabescit.
732 2863 825 2926 Alius
840 2884 849 2926 :
863 2864 900 2928 Si
918 2866 970 2931 vis

168 2984 202 3045 in
220 2983 285 3046 hoc
300 2983 417 3046 saeculo
436 2999 560 3047 tantum
580 2985 701 3047 habere
717 2998 874 3069 quantum
895 2987 968 3052 suf·

169 3102 281 3166 fecerit
295 3119 432 3184 naturae,
448 3127 514 3166 non
526 3104 626 3168 multa
638 3121 669 3167 te
682 3104 813 3169 decebit
828 3127 972 3196 congre·

170 3245 261 3309 gare;
275 3241 306 3286 et
318 3225 345 3286 si
355 3224 476 3312 cupido
491 3225 673 3288 satisfacere
683 3225 824 3289 volueris
837 3226 969 3309 animo,

170 3339 246 3404 licet
261 3345 460 3431 congregatis
474 3367 687 3432 quaecumque
704 3344 737 3408 in
754 3360 822 3409 toto
838 3346 970 3411 mundo
