2286 4238
468 366 512 426 β
539 352 598 430 ι64
621 365 664 422 Q

169 470 230 533 tibi
244 470 382 557 pusillo,
405 471 440 534 in
458 471 590 536 taedium
607 483 827 550 verterentur,
848 469 913 534 sed
929 468 974 534 de

169 591 279 655 multis
304 614 407 679 pauca
430 607 459 655 et
482 615 554 678 quae
577 593 605 656 si
627 589 852 654 observaveris
875 607 974 655 erunt

153 711 260 775 'utilia
273 713 462 776 referemus.
484 711 537 775 Ad
555 733 654 798 quem
668 710 754 775 filius
766 710 868 775 :Etsi
880 733 970 774 erec·

169 830 210 895 tis
230 832 365 895 auribus
387 831 489 895 multa
510 832 610 919 cupio
623 833 784 920 promissa-
804 830 891 894 mihi
909 852 969 893 au·

170 950 283 1015 diendi
305 952 420 1016 avidus
446 953 658 1016 vehementer
680 950 832 1040 efflagito.
855 951 970 1016 Pater:

169 1071 237 1153 Qui
255 1072 325 1135 vult
342 1072 424 1161 Regi
442 1094 511 1135 esse
526 1072 709 1154 familiaris,
734 1072 834 1135 debet
856 1071 971 1136 videre

169 1192 260 1254 omni
268 1193 340 1256 visu
349 1193 465 1256 mentis
476 1191 566 1280 quod
573 1215 650 1257 cum
658 1194 786 1255 venerit
793 1191 836 1255 ad
843 1193 969 1280 Regem

169 1327 253 1374 stare
269 1311 327 1375 diu
342 1313 459 1400 possit,
480 1335 541 1377 nec
560 1334 715 1399 umquam
734 1311 846 1375 sedeat
863 1310 970 1375 donec

169 1429 239 1491 Rex
255 1432 434 1519 praecipiat,
456 1455 516 1495 nec
529 1432 684 1517 loquatur
700 1431 764 1494 nisi
784 1453 863 1494 cum
887 1452 971 1518 opus

169 1549 284 1629 fuerit,
298 1573 358 1612 nec
376 1568 520 1614 moretur
536 1574 611 1614 cum
626 1551 714 1639 Rege
726 1550 790 1613 nisi
804 1550 877 1613 Rex
885 1571 969 1637 prae·

171 1668 294 1752 ceperit
312 1670 450 1749 morari,
467 1687 499 1732 et
515 1669 653 1734 fideliter
669 1668 840 1732 consilium
853 1685 968 1734 taceat

171 1786 305 1873 Semper
322 1788 363 1850 sit
376 1789 519 1852 intentus
536 1789 649 1853 audire
669 1788 759 1876 quod
775 1790 846 1852 Rex
866 1789 968 1870 dicet,

170 1929 212 1970 ne
226 1924 372 1995 oporteat
387 1911 509 1998 Regem
529 1911 580 1974 bis
597 1925 794 1997 praeceptum
807 1925 969 1997 repetere«

170 2028 412 2117 Quodcumque
421 2032 575 2119 praecepit
589 2031 659 2093 Rex
672 2030 777 2093 faciat.
790 2031 912 2126 ¹Caveat
928 2052 968 2094 ne

171 2151 346 2215 mentiatur
368 2153 449 2240 Regi
469 2153 562 2215 etsie
582 2151 645 2215 erit
668 2151 698 2212 ei
725 2149 899 2233 obediens3
928 2174 969 2215 ne

171 2291 315 2356 unquam
333 2269 477 2333 adsociet
494 2269 674 2352 sehomini
687 2291 786 2354 quem
802 2269 874 2332 Rex
893 2269 971 2334 odio.

169 2386 313 2453 habebit.
334 2392 417 2454 Cum
428 2392 498 2454 haec
513 2391 621 2453 omnia
636 2404 668 2451 et
684 2388 784 2451 multa
802 2389 864 2452 alia
880 2390 970 2453 lece-

170 2505 229 2586 rit,
256 2508 389 2572 forsitan
408 2510 449 2573 de
467 2511 555 2596 Rege
579 2531 645 2570 non
662 2529 817 2595 magnum
833 2478 971 2571 habebit

170 2623 366 2710 proficuum.
378 2630 480 2693 Filius
496 2652 503 2691 z
518 2628 610 2691 Nihil
621 2628 718 2715 pejus
730 2627 893 2715 contingit
908 2629 970 2691 ho·

171 2748 252 2836 mini
264 2770 361 2834 quam
375 2747 432 2812 diu
446 2750 528 2837 Regi
542 2750 661 2813 servire
674 2764 706 2811 et
719 2747 801 2811 nihil
818 2749 901 2811 boni
915 2771 971 2812 ac·

170 2869 310 2956 quirere.
335 2868 429 2930 Pater
451 2890 458 2929 :
480 2869 551 2930 Hoc
570 2867 680 2930 multis
700 2867 766 2946 jam
792 2867 920 2948 evenit3
940 2883 972 2930 et

168 2958 245 3055 ideo
254 2990 409 3079 praecepit
417 2987 635 3075 Philosophus
647 3011 689 3051 ne
701 2988 861 3075 quispiam
871 2989 970 3052 nimis

168 3126 314 3174 moretur
325 3110 359 3171 in
376 3109 507 3173 servitio
523 3109 631 3196 Regis.
649 3107 867 3196 Philosophus
883 3108 972 3190 :Qui

170 3231 267 3292 servit
276 3232 347 3316 regi
362 3230 432 3292 sine
447 3228 606 3307 fortunia,
616 3227 681 3290 hoc
693 3227 851 3291 saeculum
865 3228 973 3316 perdit

172 3362 205 3407 et
221 3348 317 3412 aliud.
343 3349 442 3413 Filius
464 3350 518 3413 :0
539 3349 650 3428 Pater,
670 3371 769 3434 quare
794 3348 917 3415 oblitus
938 3371 971 3413 es
