2286 4238
479 393 524 451 a
546 403 584 442 22
607 392 651 450 ε
682 360 688 374 “

167 522 229 589 ego
246 502 352 563 virum
368 501 524 564 interfeci.
540 503 582 564 At
594 501 638 563 illi
654 501 837 578 injecerunt
849 493 964 564 mamis

168 605 201 666 in
228 629 320 684 eum,
349 621 445 691 atque
467 605 599 693 ligatum
624 625 735 667 secum
765 602 806 665 ad
831 626 965 666 crucem

170 724 351 788 traxerunt,
371 709 535 794 aliumque
550 732 567 770 a
581 730 675 795 poena
696 706 807 769 mortis
824 706 967 770 absolve·

168 822 253 874 runt.
274 811 445 874 Homicida
462 835 539 876 vero
559 813 593 874 in
614 811 730 874 eodem
752 811 881 898 agmine
900 811 964 874 hoc

167 915 296 976 intuens
321 914 528 1002 gradiebatur
553 932 650 1001 atque
676 937 787 977 secum
816 913 963 977 dicebat:

170 1017 267 1080 Hunc
284 1017 433 1081 interfeci
452 1034 484 1082 et
502 1017 560 1081 iste
575 1016 777 1105 dampnatur.
792 1017 854 1080 Hic
869 1018 964 1081 inno·
982 1091 987 1103 Ι

167 1143 244 1184 cens
269 1122 428 1209 supplicio
447 1120 634 1210 deputatur,
649 1145 717 1210 ego
740 1144 819 1185 vcro
842 1143 964 1185 nocens

168 1225 315 1289 libertate
331 1227 432 1290 fruor.
451 1228 608 1309 Quaenam
623 1242 781 1289 causaest
798 1225 897 1305 hujus
914 1225 965 1288 in·

165 1328 318 1407 justitiae?
338 1331 477 1411 Nescio,
497 1331 560 1394 nisi
580 1330 647 1393 sola
661 1330 722 1392 Dei
741 1329 897 1417 patientia
915 1330 965 1392 sit.

168 1434 294 1497 Verum·
316 1435 404 1496 Deus
424 1433 526 1513 judex
544 1436 649 1515 justus
672 1433 870 1520 impunitum
890 1432 966 1494 nul·

169 1537 238 1600 lum
247 1538 351 1601 scelus
362 1526 503 1600 dimittit.
517 1538 566 1600 Ne
580 1538 678 1625 igitur
691 1537 852 1624 posterius
866 1537 900 1598 in
915 1559 968 1599 me

171 1639 284 1704 durius
301 1639 464 1720 vindicet,
486 1641 583 1720 hujus
600 1664 652 1703 me
668 1639 805 1728 prodam
823 1640 968 1704 criminis

170 1767 240 1808 esse
261 1768 373 1826 reum,
402 1746 519 1832 sicque¹
542 1768 597 1809 eos
620 1744 775 1809 solvendo
801 1767 819 1806 a
844 1760 969 1823 morte,

170 1848 259 1934 quod
269 1848 417 1912 commisi
430 1848 517 1911 luam
528 1865 709 1937 peccatum.
725 1847 920 1933 Objecitque
934 1870 969 1910 se

169 1955 203 2016 in
218 1955 365 2042 periculo
382 1952 493 2018 dicens
510 1977 519 2016 z
541 1955 611 2034 Me,
633 1977 685 2016 me
700 1953 756 2039 qui
770 1953 850 2032 feci,
867 1953 967 2015 istum

171 2058 322 2122 dimittite
332 2058 512 2121 innoxium.
523 2055 844 2120 Judicesautemnon
854 2078 971 2141 parum

169 2163 386 2241 ammirantes,
396 2162 504 2240 hunc,
516 2160 714 2223 alioamorte
727 2158 888 2237 absolute,
896 2158 973 2245 liga-

170 2286 302 2348 verunt,
317 2269 449 2353 jamque
464 2265 505 2329 de
519 2264 645 2347 judicio
658 2263 862 2342 dubitantes,
880 2263 971 2325 hunc

171 2395 246 2435 cum
267 2371 399 2457 reliquis
415 2371 506 2458 prius
523 2369 666 2432 liberatis
683 2383 756 2429 ante
778 2388 889 2454 regem
909 2365 970 2428 ad·

171 2474 335 2537 duxerunt
355 2475 449 2561 eique
466 2473 578 2536 omnia
593 2494 633 2534 ex
654 2470 769 2534 ordine
791 2470 970 2533 referentes

171 2577 278 2662 ipsum
306 2577 402 2639 etiam
431 2577 569 2639 hesitare
597 2574 835 2662 compulerunt.
869 2575 968 2635 Corn-

172 2679 264 2741 muni
284 2678 393 2763 itaque
421 2676 555 2740 consilio
577 2700 634 2739 rex
655 2677 700 2738 eis
727 2697 824 2738 omne
846 2675 970 2737 crimen

172 2781 263 2868 quod
287 2781 349 2844 sibi
372 2781 593 2868 imposuerant
617 2779 829 2858 condonavit,
856 2801 895 2840 eo
921 2795 970 2840 ta-

173 2907 248 2948 men
265 2884 359 2972 pae'to
384 2899 422 2946 ut
445 2882 589 2945 criminis
609 2883 671 2944 sibi
693 2881 835 2969 impositi
859 2903 970 2943 causas

172 2991 405 3078 patefacerent,
428 3004 461 3050 at
480 2987 527 3050 illi
546 2988 594 3049 rei
619 2987 785 3050 veritatem
813 2985 843 3048 ei
869 3008 970 3071 expo·

173 3110 327 3174 suerunt;
349 3114 517 3166 commum
542 3106 649 3153 autem
673 3111 834 3153 consensu
862 3111 970 3151 omm-

172 3197 235 3260 bus
252 3198 423 3278 absolutis,
442 3195 595 3286 indigena
610 3194 668 3282 qui
687 3211 747 3283 pro
762 3192 866 3255 amico
889 3192 972 3255 mori

173 3297 376 3380 decreverat,
405 3301 512 3388 ipsum
539 3299 572 3361 in
595 3297 730 3361 domum
752 3317 844 3359 suam
868 3294 971 3356 iutro-

174 3400 285 3482 duxit,
306 3403 400 3492 eique
413 3404 503 3468 omni
521 3403 647 3465 honore
662 3421 722 3486 pro
742 3399 807 3462 ritu
820 3398 905 3460 facto
920 3397 971 3458 in·
