2286 4238
595 359 638 416 b
661 344 701 407 86
724 355 766 413 Q

270 466 372 541 ‚misit
393 464 512 527 Mulier
537 485 616 527 vero
639 463 735 551 plena¹
759 478 826 526 arte
849 479 882 527 et
903 461 1074 529 calliditate

264 585 412 672 eumpse
429 583 571 672 lapidem
590 605 688 670 quem
708 583 846 671 projecit
863 584 897 652 in
916 599 1073 671 puteum7

277 707 338 769 hac
359 706 539 773 intentione
554 719 591 768 ut
605 704 655 768 vir
671 725 750 769 suus
770 702 882 766 audito
900 703 1011 768 sonitu
1026 703 1074 767 la·

271 825 361 917 .pidis
381 825 415 894 in
436 842 573 912 puteum
594 825 717 889 ruentis
736 839 864 912 putaret
876 811 946 889 sese
961 824 994 885 in
1011 847 1074 911 pu·

277 961 366 1030 terim
385 944 556 1025 cecidisse,
575 961 609 1009 et
625 945 689 1009 hoc
711 959 843 1031 peraeto
864 943 982 1015 mulier
1001 960 1075 1029 poet

277 1082 415 1153 puteum
429 1087 464 1128 se
480 1063 659 1134 abscondit.
679 1065 738 1127 Vir
757 1063 893 1151 simplex
911 1079 1007 1149 atque
1023 1065 1075 1129 in·

278 1183 534 1271 sipierrs,audito
543 1183 654 1250 sonitu
664 1180 780 1269 lapidis
791 1184 824 1249 iu
835 1197 971 1268 puteum
981 1180 1077 1244 ruer·

277 1305 335 1387 tis,
348 1328 423 1372 mox
434 1304 476 1371 de
491 1304 591 1373 domo
606 1302 792 1392 egrediens,
808 1302 906 1369 celeri
922 1325 1021 1366 eursu
1035 1301 1077 1365 ad

278 1441 415 1514 puteum
429 1425 531 1503 venit,
548 1438 665 1510 putant
684 1442 800 1491 verum
816 1443 886 1485 esse
903 1420 993 1506 quod
1007 1442 1078 1485 rnu-

279 1544 392 1609 lierem
406 1541 549 1617 audisset.
560 1539 726 1612 cecidisse.
740 1539 862 1605 Mulier
873 1562 951 1603 vero
962 1539 1076 1604 videns

281 1662 399 1727 ostium
422 1661 538 1734 demus
560 1677 728 1748 apertum,
757 1677 789 1729 et
810 1682 879 1726 non
900 1661 1001 1725 oblita
1030 1676 1079 1723 est

279 1804 345 1850 suae
360 1783 454 1861 artis,
469 1780 600 1854 intravit
611 1780 765 1861 domum,
787 1779 979 1866 firmatoque
994 1780 1077 1843 ostio

281 1900 427 1969 ascendit
436 1901 619 1969 fenestram.
638 1899 696 1969 Ille
707 1917 816 1969 eutem
829 1899 943 1963 videns
957 1923 992 1963 se
1009 1922 1078 1963 esse

277 2021 473 2110 deceptum,
502 2011 636 2108 iriquitt
658 2021 687 2089 Ο
706 2021 824 2087 mulier
847 2021 957 2101 fallax,
984 2022 1079 2109 plena

280 2157 347 2207 arte
368 2140 518 2230 dyaboli,
537 2141 687 2228 permitte
709 2163 761 2208 me
782 2140 919 2220 intrare,
940 2157 972 2203 et
989 2141 1080 2225 quic·

281 2263 362 2349 quid
388 2264 470 2329 mihi
492 2263 569 2331 foris
598 2262 704 2329 fecisti
731 2284 784 2328 me
814 2260 1078 2326 condonaturum

279 2384 337 2453 tibi
351 2383 457 2449 crede.
475 2386 518 2452 At
533 2383 587 2447 illa
603 2405 680 2450 eum
700 2383 871 2470 increpans
881 2381 1078 2446 introitum·

282 2525 347 2589 que
366 2502 483 2571 domus
500 2503 635 2571 omnino
653 2519 686 2567 et
701 2517 901 2566 sacramento
916 2499 1079 2588 denegans

285 2623 330 2685 ait
345 2643 353 2684 ε
371 2622 400 2684 0
416 2621 582 2703 seductor,
597 2637 693 2690 tuum
708 2644 776 2689 esse
790 2637 886 2708 atque
899 2622 993 2684 tuum
1003 2619 1077 2683 faci·

283 2763 344 2804 nus
360 2741 549 2828 parentibus
560 2742 623 2810 tuis
635 2740 823 2822 ostendam,
845 2739 921 2827 quia
935 2761 1081 2824 unaqua-

280 2886 348 2952 que
363 2879 458 2929 nocte
477 2885 512 2932 et
525 2861 681 2929 sollicitus
695 2862 738 2925 ita
754 2861 867 2925 furtim
885 2884 903 2923 a
923 2881 976 2923 me
992 2857 1081 2921 exire

284 3001 317 3048 et
329 2983 514 3052 meretrices
529 2981 634 3063 adire3
647 2980 735 3049 etita
747 2980 822 3068 egit.
835 2980 987 3044 Parentes
1001 2998 1081 3039 vero

283 3106 352 3171 haec
368 3103 535 3172 audientes
552 3118 648 3187 atque
662 3121 775 3168 verum
794 3098 1011 3166 existimantes
1029 3096 1080 3159 in·

285 3238 498 3311 crepaverunt
514 3243 609 3300 eum,
630 3236 663 3288 et
681 3222 725 3289 itt
743 3218 860 3286 mulier
878 3217 931 3280 illa
946 3216 1081 3281 liberate

289 3356 356 3407 arte
376 3364 435 3407 sua
453 3339 610 3427 flagitium
631 3338 721 3425 quod
740 3353 902 3407 meruerat
921 3337 954 3399 in
975 3335 1082 3401 virum
