2286 4238
561 353 605 413 ι
627 341 669 417 tt
693 351 737 410 ι

294 464 474 527 Accusatus
492 460 626 548 quidam
642 460 761 524 ductus
778 475 827 522 est
845 474 918 522 ante
939 480 1052 546 regern

179 658 182 662 ,
248 582 410 664 judicem,
429 604 615 671 negansque
631 582 755 645 crimen
774 579 963 668 impositum
981 594 1053 641 tan·

252 705 327 773 dem
345 705 558 770 convincitur.
573 705 636 768 Cui
647 726 704 767 rex
719 725 726 766 :
739 701 920 791 Dupliciter
932 703 1053 789 punie-

251 828 315 907 ris,
337 827 437 891 semel
457 849 517 914 pro
537 826 672 889 crimine
694 824 887 904 commisso,
907 823 1054 887 secundo

254 970 314 1036 pro
325 948 461 1011 erimine
470 963 596 1035 negato.
609 945 701 1009 Alius
714 967 790 1009 cum
800 943 946 1010 similiter
959 967 1056 1007 accu-

255 1083 341 1131 satus
360 1065 450 1152 quod
477 1065 682 1129 commiserat
705 1086 772 1126 non
791 1062 939 1151 negavit,
961 1061 1053 1125 dixe·

255 1205 334 1250 runt
344 1188 413 1276 regi
427 1187 484 1275 qui
498 1187 679 1265 astiterant,
698 1183 739 1247 de
753 1184 890 1247 crimine
907 1183 1056 1246 confesso

255 1307 417 1386 judicium
439 1325 555 1371 sumet.
578 1307 654 1370 Non
674 1308 738 1386 ita,
763 1327 820 1368 rex
837 1302 962 1390 inquit,
980 1305 1057 1390 quia

257 1428 471 1517 philosophus
488 1427 589 1492 dicit:
606 1426 780 1491 Confitenti
791 1443 962 1514 peccatum
976 1425 1057 1489 ratio

177 1592 181 1598 ·
260 1566 309 1613 est
336 1548 478 1612 relaxare
504 1546 684 1629 judicium,
710 1547 822 1634 sicque
844 1548 927 1611 liber
955 1546 1057 1610 factus

261 1689 364 1755 arege
382 1665 536 1732 discessit.
556 1668 723 1731 Socrates:
739 1668 830 1731 Sicut
843 1667 944 1732 homo
964 1689 1058 1738 men—

261 1786 323 1850 dax
339 1786 372 1848 in
388 1787 556 1875 principiis
570 1788 724 1851 comitatu
743 1810 810 1853 non
826 1788 997 1867 convenit,
1013 1787 1059 1850 sic

261 1931 280 1979 a
297 1931 399 1997 regno
418 1908 575 1972 coelorum
592 1908 814 1990 excludendus
830 1910 899 1979 erit.
917 1908 1060 1991 Quidam

262 2030 476 2119 philosophus
487 2029 568 2093 dixit
581 2028 718 2095 filiosuo
730 2052 738 2102 ;
749 2030 840 2099 Sicut
853 2029 936 2118 ignis
950 2029 1061 2117 ignem

264 2175 331 2216 non
351 2153 463 2240 punit,
484 2152 530 2217 sic
555 2152 676 2216 malum
699 2152 783 2218 malo
805 2175 871 2215 non
897 2150 1002 2232 cedit,
1025 2167 1064 2232 ut
1134 2146 1137 2149 ’

263 2274 373 2362 ignem
391 2295 475 2358 aqua
491 2272 667 2360 extinguit,
686 2272 732 2334 sic
747 2271 835 2334 bono
852 2271 973 2334 malum
987 2271 1061 2357 qui·

264 2392 345 2456 libet
360 2392 505 2456 destruit.
527 2392 578 2454 Ne
600 2389 718 2454 reddas
739 2389 860 2454 malum
879 2413 941 2477 pro
959 2391 1061 2470 malo,

266 2534 307 2574 ne
325 2513 367 2574 sis
391 2511 502 2574 similis
526 2512 628 2593 malo,
652 2511 710 2576 sed
732 2510 834 2575 redde
855 2494 1002 2592 bonum„
1028 2527 1065 2574 ut

266 2630 381 2694 melior
399 2632 441 2694 sis
460 2631 554 2694 malo.
569 2632 661 2695 Alius
672 2631 884 2719 philosophus
899 2631 969 2695 :Ne
983 2653 1063 2693 con-

267 2750 345 2814 fidas
365 2752 399 2813 in
420 2751 504 2814 malo
523 2752 551 2813 si
567 2748 751 2839 periculum
770 2752 908 2815 evaseris
921 2769 959 2815 ut
975 2750 1065 2814 aliud

268 2872 373 2951 ineas,
398 2871 474 2956 quia
499 2869 580 2932 illud
596 2892 665 2932 non
684 2871 782 2933 facies
805 2885 843 2933 ut
865 2869 969 2933 simile
988 2891 1064 2956 per·

267 3007 418 3053 transeas.
436 2987 525 3051 Dixit
541 2987 700 3064 Arabicus
718 2986 784 3050 filio
802 3010 862 3050 suo
876 3009 884 3050 :
899 2987 933 3050 Si
945 2985 1065 3050 videris

269 3111 448 3199 quemlibet
467 3108 557 3171 malis
573 3108 727 3196 operibus
747 3106 955 3195 praegravari,
980 3123 1067 3170 nete

269 3235 483 3313 intromittas,
515 3231 591 3318 quia
619 3230 677 3316 qui
704 3228 885 3317 pendulum
913 3227 1066 3308 solverit,

271 3377 367 3441 super
381 3377 457 3420 eum
470 3352 539 3416 erit.
