2286 4238
490 372 534 429 D·
561 360 621 425 150
643 375 687 432 Q

189 481 275 544 inde.
294 483 337 545 At
351 483 418 570 ipse
430 483 491 546 ait:
508 483 650 565 Quidam
664 483 815 572 magister
828 506 925 549 meus
939 510 994 552 me

183 631 312 672 carmen
325 609 458 673 edocuit
467 608 556 696 quod
565 610 715 673 dicebam
725 611 858 697 quando
870 637 994 680 ascen·

184 734 301 799 debam
312 752 542 823 supertectum
559 754 591 800 et
604 737 735 801 veniens
747 737 789 801 ad
805 740 990 808 fenestram

184 862 384 948 accipiebam
409 861 539 924 radium
565 862 650 924 lunae
674 884 773 927 manu
797 881 829 928 et
852 889 988 932 carmen

182 1010 291 1051 mcum
310 989 427 1076 septies
444 988 613 1070 dicebam,
631 989 769 1072 scilicet,
787 992 931 1075 saulem,
954 1012 990 1059 et

181 1116 224 1179 ita
234 1115 473 1180 descendebam
483 1117 552 1180 sine
562 1117 720 1204 periculo.
733 1120 905 1207 Quicquid
915 1145 990 1210 pre·

181 1246 298 1309 tiosum
308 1246 514 1311 inveniebam
526 1248 560 1310 in
573 1246 672 1309 domo
683 1246 860 1312 corrodens
875 1272 990 1313 sume·

180 1372 265 1434 bam.
295 1375 366 1436 Hoc
394 1374 479 1436 facto
507 1374 628 1437 iterum
658 1371 699 1436 ad
732 1372 861 1438 radium
896 1375 986 1440 lunae

178 1499 369 1580 veniebam,
391 1517 423 1563 et
437 1500 555 1563 eodem
570 1501 712 1563 carmine
732 1501 849 1588 septies
869 1500 982 1586 dicto,

179 1647 255 1686 cum
269 1625 423 1687 omnibus
437 1625 470 1686 in
483 1624 582 1687 domo
594 1627 729 1713 sumptis
743 1625 981 1711 ascendebam,

178 1766 210 1813 et
221 1749 310 1835 quod
320 1749 512 1815 sustuleram
524 1750 564 1812 ad
579 1752 757 1840 hospitium
775 1751 980 1816 deferebam.

161 1878 248 1941 =Tali
271 1878 402 1967 ingenio
425 1878 515 1942 hunc
537 1902 636 1966 quem
658 1878 810 1968 possiden
841 1904 982 1946 censum

175 2005 291 2070 habeo.
302 2008 347 2070 At
358 2006 474 2069 mulier
487 2007 551 2071 ait:
570 2009 657 2069 Bene
669 2007 774 2070 fecisti
789 2005 880 2093 quod
891 2008 981 2071 mihi

176 2133 247 2197 talia
264 2133 389 2214 dixisti,
413 2134 534 2197 namsi
557 2132 755 2231 quandoque
781 2132 886 2198 filium
912 2136 975 2198 ha-

173 2258 277 2324 buero
289 2309 297 2342 ,
310 2283 351 2325 ne
361 2284 485 2351 pauper
497 2260 606 2347 degat,
616 2260 680 2330 hoc
690 2283 820 2323 carmen
832 2261 976 2331 docebo.

172 2390 216 2452 At
235 2391 387 2455 dominus
415 2390 549 2477 inquit:
575 2391 726 2476 permitte
747 2414 799 2454 me
823 2390 979 2456 dormire

173 2517 327 2600 quoniam
349 2539 463 2578 somno
482 2531 670 2604 aggravatus
687 2515 761 2578 volo
775 2515 947 2600 quiescere
965 2564 975 2598 ,

174 2658 206 2704 et
221 2658 258 2704 ut
275 2644 375 2729 magis
395 2643 579 2728 deciperet,
594 2644 685 2728 quasi
706 2642 873 2706 dormiens
886 2658 975 2708 ster'-

175 2787 243 2833 tere
258 2771 359 2858 caepit.
376 2771 541 2856 Perceptis
553 2769 696 2858 denique
708 2773 826 2835 talibus
839 2772 972 2853 verbis,

172 2893 224 2955 fur
235 2890 312 2954 inde
327 2892 453 2979 gavisus
473 2907 506 2953 et
521 2889 608 2953 dicto
623 2893 739 2980 septies
753 2891 921 2972 carmine,
941 2907 974 2954 et

171 3031 301 3102 sumpto
315 3037 414 3077 manu
428 3012 521 3077 radio
534 3012 635 3093 lunae,
647 3013 758 3076 laxatis
772 3012 925 3076 manibus
940 3029 975 3076 et

169 3135 307 3219 pedibus
324 3159 383 3222 per
397 3136 569 3198 fenestram
593 3135 627 3196 in
646 3133 797 3214 domum,
811 3155 971 3221 magnum

167 3253 288 3317 faciens
316 3280 452 3337 sonum,
480 3254 600 3319 cecidit
620 3270 653 3317 et
679 3255 782 3318 fracto
808 3274 906 3317 crure
938 3271 973 3319 et

170 3374 305 3436 brachio
315 3377 512 3462 congemuit.
524 3378 567 3439 At
577 3375 730 3440 dominus
743 3374 860 3439 domus
873 3378 980 3462 quasi·
