2286 4238
562 356 606 413 r»
628 339 669 402 30
690 355 733 411 ε

253 463 441 549 sapientiam
469 463 538 524 sine
562 461 759 542 substantia,
783 458 837 524 dic
866 482 945 549 ergo
973 464 1055 526 mihi

253 580 334 669 quid
349 583 445 644 faciet
458 581 613 668 sapientia
631 581 701 643 sine
717 581 906 644 substantia.
928 581 1067 670 Accipe-

252 719 376 790 partem
389 701 552 787 sapientiae
564 716 596 762 et
609 700 649 763 da
662 700 744 763 mihi
756 716 881 787 partem
893 702 1052 787 pecuniae.

253 823 303 885 Ne
313 823 442 908 patiaris
456 844 508 884 me
520 820 575 882 illo
589 820 755 908 indigere,
769 818 948 908 dampnum
959 821 1053 901 cujus

254 941 315 1006 erit
338 942 421 1004 mihi
439 941 569 1028 pudori.
594 941 683 1003 Dixit
705 941 786 1004 alius
809 940 1052 1029 philosophus:

254 1062 375 1126 Tribus
394 1060 499 1124 modis
518 1082 604 1123 unus
619 1058 744 1147 indiget
759 1058 832 1121 alio.
847 1059 1053 1148 Cuicumque

252 1181 474 1260 benefeceris,
497 1181 530 1243 in
551 1202 590 1242 eo
609 1179 712 1259 major
734 1199 773 1240 eo
794 1178 877 1259 eris,
900 1200 966 1264 quo
982 1189 1053 1242 'non

251 1300 431 1388 indigueris
442 1348 451 1380 ,
461 1323 519 1387 par
533 1300 634 1386 ipsius
644 1299 724 1378 eris;
738 1321 804 1385 quo
812 1298 1051 1387 veroindigue·

250 1419 319 1499 ris,
342 1421 459 1481 minor.
488 1417 579 1480 Alius
605 1439 613 1480 ε
637 1417 800 1503 Sapientia
823 1432 951 1479 mortua
976 1440 1051 1480 cor·

251 1562 330 1627 pora
347 1538 489 1602 vivificat
506 1537 646 1601 claritate
665 1560 742 1618 sua,
760 1512 949 1600 velutterra
961 1537 1053 1601 arida

251 1658 446 1721 humiditate
469 1656 585 1743 pluviae
606 1656 745 1718 virescit.
771 1656 893 1719 Alius:
919 1657 1051 1720 Claritas

252 1777 365 1839 animae
380 1793 428 1839 est
443 1775 617 1863 sapientia,
634 1797 749 1838 census
763 1797 842 1839 vero
858 1791 907 1838 est
924 1777 1050 1840 claritas

251 1898 405 1983 corporis.
418 1897 603 1985 Discipulus
618 1897 770 1984 magistro
784 1919 792 1958 ε
809 1896 985 1978 Quomodo
998 1919 1051 1960 me

250 2019 402 2083 habendo
419 2022 504 2083 inter
519 2020 679 2107 sapientes
692 2017 868 2107 discipulos
879 2036 1050 2108 computa·

249 2137 333 2203 hor?
345 2139 498 2228 Magister
510 2161 518 2202 :
532 2139 629 2202 Serva
643 2137 806 2200 silentium
820 2135 925 2200 donee
938 2139 980 2231 sit
991 2139 1053 2203 tihi

246 2260 339 2347 loqui
365 2261 595 2324 necessarium.
618 2255 810 2320 Maledicam
830 2258 975 2346 linguam
997 2260 1050 2322 in·

251 2380 377 2445 dictum
393 2380 546 2445 emendat
564 2378 747 2457 silentium3
768 2379 814 2439 ait
833 2378 920 2440 enim
941 2379 1050 2465 philo·

248 2501 371 2587 sophus
391 2500 589 2565 :Silentium
607 2492 654 2561 est
674 2498 803 2584 signum
820 2498 1003 2584 sapientiae,
1020 2515 1052 2564 et

250 2620 427 2705 loquacitas
443 2620 574 2707 signum
595 2618 745 2681 stultitiae.
762 2617 812 2680 Ne
829 2617 962 2681 festines
979 2639 1050 2682 res·

249 2738 396 2828 pondere
421 2738 527 2801 donec
549 2738 649 2801 fuerit
672 2736 745 2800 finis
772 2738 1051 2827 interrogationis,

250 2870 314 2924 nec
333 2857 545 2944 quaestionem
560 2857 594 2918 in
615 2873 778 2921 conventu
794 2859 911 2939 factam
925 2858 1050 2922 solvere

250 2997 407 3070 temptes,
429 3002 505 3042 cum
527 2977 754 3065 sapientiorem
773 2995 803 3042 te
819 2979 868 3042 ibi
884 3001 954 3042 esse
972 2990 1050 3067 peri

250 3104 407 3191 spexeris,
437 3101 693 3186 nec'quaestioni
716 3101 769 3163 alii
786 3090 945 3189 cuiquam
960 3101 1051 3164 factae
1088 3148 1093 3160 .

249 3222 463 3310 respondeas,
480 3245 543 3284 nec
562 3221 694 3285 laudem
709 3217 839 3309 appetas
855 3235 915 3308 pro
934 3244 969 3283 re
990 3221 1052 3286 tihi

249 3350 423 3437 incognita.
444 3348 663 3433 Philosophus
685 3347 773 3410 enim
796 3345 900 3411 dicit:
927 3347 993 3429 Qui
1009 3347 1051 3412 de
