2286 4238
468 364 512 421 b
539 370 597 436 192
620 364 664 425 ι

167 490 291 557 magne
312 470 453 557 speciem
474 469 628 534 bonitatis
643 469 677 533 in
694 491 730 534 se
751 469 899 537 summm
916 478 963 539 in·

167 588 304 671 dicavit,
329 605 361 655 et
380 588 458 654 fecit
472 589 559 655 sicut
572 590 791 680 Philosophus
806 591 875 658 filio
886 617 964 684 prae·

168 711 255 799 cepit
271 709 385 774 dicens
402 733 411 775 ε
433 710 510 793 Fili,
526 710 633 776 vende
651 712 716 777 hoc
730 714 889 778 saeoulum
906 738 963 803 pto

168 832 279 898 Iutum
288 848 322 897 et
333 848 511 919 utrumque
521 832 716 916 lucraberis,
728 833 821 922 quod
836 836 880 900 ita
889 859 965 900 con·

168 952 272 1041 tingit
306 951 397 1016 Alius
429 949 533 1016 filium
565 952 731 1042 cortigens
757 953 868 1020 dixit:
894 956 965 1040 Fili,

168 1095 229 1162 pro
250 1071 363 1136 futuro
390 1071 509 1136 saeculo
530 1094 666 1161 operare
685 1090 860 1162 antequam
877 1098 963 1140 mors

170 1209 201 1258 te
216 1209 365 1282 segreget
380 1193 422 1257 ab
441 1215 541 1282 opere
558 1194 729 1282 corporali.
748 1195 842 1260 Alius
860 1219 868 1260 ε
885 1196 967 1261 Vide

170 1338 212 1378 ne
227 1314 384 1403 dicipiant
400 1331 432 1380 te
447 1315 616 1380 saeculares
635 1315 767 1399 delitiae,
780 1334 816 1382 et
828 1293 967 1383 irretitus

170 1435 300 1501 fallaciis
307 1437 516 1502 saecularibus
523 1438 636 1502 mortis
645 1453 791 1502 ventum
801 1438 967 1502 oblivisca-

170 1557 232 1638 ris,
255 1580 297 1621 ne
320 1559 380 1622 tibi
399 1560 566 1649 contingat
584 1560 671 1624 sicut
688 1559 807 1624 latroni
833 1558 968 1624 domum

171 1676 279 1741 divitis
300 1678 438 1743 ineunti.
459 1679 521 1743 Cui
540 1679 626 1745 filius
642 1679 969 1769 :Ede‚ptter‚'quid

169 1795 298 1860 accidit
321 1797 424 1861 Pater.

364 2203 557 2272 FABULA
581 2204 771 2270 XXVIII.

214 2400 358 2465 Domum
386 2398 495 2464 divitis
520 2399 573 2463 fur
599 2399 746 2482 intravit,
775 2416 810 2464 et
833 2399 971 2465 diversis
993 2437 995 2440 >

155 2526 243 2587 'eain
263 2523 348 2611 gazis
367 2523 498 2611 plenam
519 2522 653 2586 invenit.
673 2524 756 2586 Hinc
773 2525 971 2613 stupefactus

173 2637 214 2700 de
232 2638 365 2702 diversis
384 2637 529 2721 diversa,
550 2638 591 2704 de
610 2641 760 2727 pretiosis
779 2642 972 2729 pretiosiora

173 2757 291 2846 eligete
304 2758 468 2824 studendo
481 2762 620 2843 curavit,
637 2777 669 2826 et
686 2762 763 2848 quia
775 2761 851 2825 viiia
869 2763 971 2826 relin-

173 2901 275 2966 quens
289 2880 323 2942 in
338 2878 489 2968 eligendo
505 2897 632 2968 tempus
642 2882 849 2969 consumpsit
863 2881 971 2945 donec

172 3001 242 3066 dies
248 3002 381 3067 veniens
395 3001 589 3088 quidfacere
596 3002 693 3067 vellet
704 3001 834 3066 detexit.
848 3003 971 3091 Exper-

172 3124 252 3188 recti
267 3123 308 3188 de
321 3125 497 3212 improviso
510 3125 622 3212 vigiles
637 3123 757 3188 domus
771 3124 805 3186 in
820 3123 972 3210 eligendo

172 3243 278 3306 furem
289 3244 494 3331 reppetiunt,
512 3244 659 3332 capiunt,
672 3243 749 3306 inde
764 3243 841 3306 loris
857 3258 889 3305 et
900 3243 970 3305 fus-

86 3357 87 3360 ’
174 3359 260 3424 tibus
279 3385 397 3427 caesum
414 3365 448 3426 in
466 3386 541 3452 yma
557 3365 694 3429 carceris
710 3362 897 3427 detrudunt
919 3361 970 3424 Ad
