2286 4238
580 367 623 426 ξι·
650 351 708 418 182
732 368 775 423 ἐ

271 489 394 538 servata
414 473 522 536 vultus
542 471 713 562 dignitate,
734 472 852 536 leniter
866 473 993 560 inquit:
1005 475 1075 538 Vo-

269 596 374 659 luntas
401 594 535 682 quidem
560 595 707 674 subjecta
730 611 778 657 est
801 609 834 658 et
850 594 951 657 servit
971 595 1070 674 mihi,

270 739 336 780 non
349 738 410 804 ego
424 716 497 780 sibi.
514 717 567 780 Tu
580 737 598 778 e
615 737 775 780 converso
785 714 953 795 subjectus
968 737 1002 778 es
1016 737 1072 779 vo·

268 837 384 901 luntati
408 852 441 901 et
464 835 529 899 sibi
546 836 668 917 servis,
682 858 750 898 non
772 836 843 923 ipsa
859 835 937 916 tibi,
965 836 1070 922 itaque

269 981 381 1030 servus
394 980 428 1021 es
440 958 510 1038 ejus
525 958 582 1045 qui
591 958 674 1020 mihi
684 958 793 1021 servit.
811 959 908 1022 Tunc
920 959 1006 1039 Rex,
1020 956 1071 1021 de·

269 1076 333 1140 fixo
349 1077 519 1166 paululum
533 1077 621 1159 visu,
640 1077 687 1140 sic
703 1078 826 1166 incepit
844 1100 853 1140 ε
872 1079 918 1141 Ut
933 1094 1023 1165 patet
1037 1079 1070 1140 in

268 1198 376 1262 verbis
391 1197 531 1261 nihilum
546 1219 616 1261 esse
629 1197 808 1285 potentiam
820 1178 997 1262 confiteris.
1010 1199 1071 1262 Cui

268 1320 487 1407 Philosophus
503 1319 537 1382 in
552 1334 721 1407 angustam
740 1341 806 1382 suae
821 1318 939 1383 mentis
958 1319 1070 1383 sedem

268 1455 418 1527 receptus
430 1440 496 1503 ait:
514 1440 582 1503 Scis
600 1440 670 1527 ipse
685 1439 824 1501 nimium
843 1439 904 1502 tibi
916 1439 1068 1503 ambitio·

268 1581 344 1621 nem
363 1559 549 1622 mortalium
567 1581 677 1621 rerum
701 1558 900 1622 dominatam
916 1559 1016 1623 fuisse
1038 1576 1069 1623 et

267 1677 435 1743 materiam
455 1677 554 1740 rebus
571 1677 722 1766 gerendis
744 1695 775 1742 te
796 1679 957 1766 optavisse
980 1677 1069 1766 quod

268 1821 309 1861 ne
329 1797 431 1862 virtus
447 1812 516 1878 tua,
539 1812 577 1860 ut
597 1795 666 1884 ipse
688 1796 815 1879 fateris,
837 1814 1067 1862 consuesceret

266 1920 379 2001 tacita,
406 1918 464 1983 sed
489 1919 533 1982 ob
558 1918 748 2007 cupidinem
772 1918 896 2007 gloriae,
915 1918 1003 1984 sicut
1020 1921 1068 1983 rei

266 2041 433 2107 sinceritas
444 2057 508 2121 est,
519 2039 624 2104 fecisti
633 2038 871 2128 adipiscendae,
885 2061 957 2125 quae
970 2062 1066 2126 quam

266 2163 308 2226 sit
330 2160 420 2224 exilis
440 2176 474 2223 et
488 2160 586 2224 totius
602 2179 705 2224 vacua
721 2156 876 2246 ponderis
896 2157 939 2221 sit
957 2158 1066 2223 consi-

268 2283 355 2346 dera.
373 2282 453 2345 Tuae
470 2280 630 2368 praeterita
648 2278 757 2367 gloriae
773 2277 918 2365 potentia
938 2293 1066 2367 utpote

266 2403 419 2490 quaejam
438 2402 527 2466 nulla
550 2418 614 2484 est,
635 2398 811 2464 metuenda
831 2418 899 2462 non
920 2415 986 2480 est,
1007 2398 1068 2462 sed

266 2547 372 2611 neque
388 2525 516 2605 futtira,
542 2523 636 2604 cujus
653 2537 787 2586 eventus
806 2518 997 2583 dubitabilis
1018 2536 1068 2582 est

265 2659 298 2706 et
327 2642 480 2705 incertus.
508 2644 557 2706 De
581 2645 732 2730 praesenti
756 2656 883 2705 constat
914 2641 992 2727 quia
1021 2641 1065 2703 ita

264 2786 361 2854 parva
387 2778 450 2841 est,
473 2760 517 2824 ita
539 2778 765 2824 momentanea
791 2777 824 2823 et
848 2760 974 2846 quaein
996 2758 1066 2822 ictu

265 2885 354 2951 oculi
363 2879 628 2962 adnullanda:ob
638 2880 702 2944 hoc
713 2881 801 2944 enim
813 2879 901 2942 nulla
911 2879 963 2942 sui
973 2894 1065 2967 parte
1101 2920 1104 2925 ·

264 3025 312 3071 est
319 3001 535 3070 formidanda.
547 3000 710 3089 Perceptis
719 3000 860 3086 denique
873 2998 1064 3088 Philosophi

219 3192 221 3198 ,
263 3129 387 3208 verbis,
400 3130 469 3189 Rex
480 3125 524 3187 ait
538 3122 752 3212 complicibus
768 3122 834 3185 suis
850 3122 990 3185 :Servus
1002 3120 1064 3183 Dei

262 3265 325 3327 est,
347 3247 454 3311 videte
468 3268 510 3309 ne
525 3243 605 3332 quid
626 3243 798 3307 molestum
815 3243 846 3307 ei
863 3242 986 3306 faciatis
1006 3257 1063 3304 aut

264 3367 482 3428 inhonestum.
583 3427 585 3431 ,
