2286 4238
576 373 620 432 β·
646 359 705 446 176
728 365 773 425 4

268 477 390 543 sideret
406 497 460 540 eas
479 474 576 539 etiam
594 475 767 539 inhonesta
788 489 892 539 morte
909 473 1024 558 finire,
1037 491 1073 541 et

269 599 377 664 statim
386 597 542 662 eveniunt
551 596 582 659 ei
592 611 679 660 tanta
690 594 863 659 commoda
876 594 968 682 quod
976 618 1073 685 pror·

268 742 324 784 sus
332 717 429 782 dulce
438 717 480 781 sit
489 717 519 779 ei
528 716 764 804 preteritarum
773 714 940 780 reminisci
952 714 1070 779 adver·

268 839 415 917 sitatum5
440 835 499 901 sed
525 835 595 899 hoec
617 836 836 900 humanarum
863 858 978 900 rerum
1004 851 1070 900 tam

268 958 428 1022 immensa
453 953 621 1019 fluctuatio
639 955 782 1019 variante
804 956 997 1019 meritorum
1014 978 1071 1019 or·

268 1074 346 1139 dine
376 1073 497 1139 summi
525 1074 659 1138 rectoris
687 1073 896 1163 distinguitur
922 1075 1071 1140 arbitrio.

269 1196 347 1259 Haeo
358 1210 390 1258 et
398 1193 565 1281 prophetae
574 1193 636 1256 Job
647 1193 901 1258 corroborantur
909 1194 1071 1282 exemplo,

269 1316 363 1397 cujus
379 1315 525 1379 animum
539 1336 607 1377 non
619 1336 750 1402 pessum
766 1313 858 1379 dedit
869 1315 1001 1380 amissio
1016 1339 1074 1380 re·
1126 1297 1128 1303 Ι

268 1432 552 1521 rum¹.Numquid
562 1434 660 1497 etiam
670 1433 790 1498 audisti
801 1433 891 1521 quod
901 1433 984 1498 dixit
994 1435 1072 1499 Phi·

267 1555 442 1644 losophus:
468 1555 548 1636 Quis
566 1570 673 1641 potest
694 1554 728 1616 in
754 1554 818 1617 hoc
837 1553 974 1637 saeoulo,
994 1577 1071 1619 oum

269 1673 425 1736 mutabile
443 1671 500 1752 sit,
518 1671 641 1758 aliquid
657 1672 769 1736 stabile
783 1672 929 1737 habere?
948 1673 1070 1738 Arabi·

270 1814 328 1856 cus
347 1789 414 1854 filio
434 1812 516 1854 suo:
531 1791 609 1873 Fili,
627 1790 703 1855 etim
715 1792 800 1856 forte
822 1793 998 1883 contigerit
1011 1792 1072 1857 tibi

269 1911 392 1999 aliquid
405 1911 547 1996 adversi,
565 1914 632 1977 noli
646 1914 743 1978 nimis
754 1913 891 1979 desolari
900 1937 963 1978 nec
975 1916 1070 1978 nimis

268 2032 345 2097 inde
362 2033 495 2114 tristari,
519 2035 674 2120 quoniam
694 2033 759 2097 hoc
779 2052 828 2098 est
843 2056 946 2124 genus
964 2037 1073 2099 Deum

267 2152 421 2242 negandi.
446 2155 555 2217 Deum
578 2152 679 2218 debes
702 2175 831 2241 semper
848 2153 982 2220 laudare
1005 2171 1072 2220 tam

269 2275 310 2339 de
330 2274 520 2339 adversitate
546 2297 644 2362 quam
662 2274 703 2339 de
719 2277 943 2363 prosperitate.
967 2276 1073 2343 Multa

268 2397 357 2460 enim
378 2395 461 2459 mala
479 2396 674 2484 contingunt
694 2396 884 2462 hominihus
902 2421 976 2485 quse
996 2422 1072 2464 eve·

267 2516 364 2578 niunt
379 2516 424 2577 eis
441 2530 479 2578 ut
494 2516 617 2595 majora
634 2514 717 2578 mala
734 2515 910 2605 effugiant,
925 2534 959 2581 et
973 2519 1077 2583 multe

268 2634 463 2721 contingunt
481 2658 553 2720 quae
572 2636 606 2698 in
627 2636 717 2699 bono
737 2634 915 2718 finiuntur,
937 2653 971 2700 et
998 2637 1073 2702 ideo

269 2752 370 2817 debes
392 2750 524 2815 laudare
551 2753 659 2830 Deum
682 2750 717 2817 in
742 2755 897 2819 omnibus
919 2772 952 2820 et
976 2757 1010 2819 in
1034 2777 1075 2822 eo

268 2870 435 2938 confidere
451 2870 536 2934 sicut
552 2869 634 2934 dixit
647 2872 846 2938 versificator
859 2897 867 2937 :
882 2897 959 2938 cum
972 2876 1074 2941 fueris

268 2991 302 3055 in
320 2991 445 3056 tristitia
463 2991 546 3055 nihil
566 2991 643 3056 inde
662 2993 818 3059 sollicitus
838 2996 915 3078 eris,
935 2997 995 3061 sed
1011 2998 1075 3061 ho·

267 3137 337 3177 ram
366 3116 400 3177 in
438 3114 650 3203 dispositione
675 3117 827 3203 permitte
853 3135 886 3181 et
915 3120 1074 3184 renuncia

269 3251 396 3318 semper
411 3232 538 3296 bonum
560 3233 725 3316 futurum,
748 3236 844 3300 etita
867 3237 930 3301 eris
951 3226 1073 3304 oblitus

270 3365 1074 3480 astuti-insessispuntiauannuisses:
