2286 4238
461 378 506 430 D·
532 359 592 426 188
614 374 658 431 4

163 504 236 572 gem
247 502 391 546 remeare
401 480 596 568 properavit
609 481 724 569 Longo
741 482 897 568 temporit
909 479 958 545 in·

163 600 297 667 ursello
317 601 352 663 in
368 597 483 663 eadem
502 599 636 688 regione
656 599 692 662 in
712 620 778 686 qtra
793 621 878 687 puer
896 615 961 665 erat

165 735 336 809 creperunt
355 740 450 808 egere
468 717 552 783 adeo
566 715 657 806 quod
676 718 839 808 cyborum
857 719 960 784 inedia

166 840 426 931 periclitarentur
434 839 529 902 farne.
543 837 643 922 Quod
652 837 767 903 videns
776 861 862 928 puer
871 841 961 905 boote

165 961 283 1025 indolis
306 961 415 1037 animo
433 958 616 1040 condoluit,
644 958 823 1024 condolens
849 960 962 1024 horret

166 1081 308 1169 deplevit
320 1097 353 1145 et
363 1081 563 1169 pauperibus
578 1079 762 1162 distribuit,
776 1080 863 1146 etde
878 1104 963 1171 penu

102 1282 105 1286 Δ
166 1200 279 1265 vinum
293 1201 428 1265 extraxit
438 1215 472 1264 et
481 1221 593 1264 carnes
605 1222 684 1287 quas
704 1200 876 1289 egentibus
892 1222 962 1264 ero·

165 1321 259 1410 gavit
274 1323 446 1386 Crescente
459 1321 611 1409 penuria,
625 1319 819 1384 decrescens
826 1320 964 1409 pecnnia

167 1440 388 1530 indigentibus
408 1464 476 1505 non
500 1440 639 1505 suffecit
661 1439 778 1504 Postea
802 1438 880 1504 dato
908 1461 965 1528 pro

168 1583 298 1624 annona
312 1562 465 1624 thesauro
480 1563 579 1624 vitam
593 1559 677 1622 fame
688 1559 740 1623 vel
755 1559 809 1623 siti
817 1559 966 1647 laboran7

171 1679 253 1742 tium
270 1701 441 1764 quousque
463 1679 570 1765 potuit
585 1678 745 1743 sustinere
765 1700 832 1742 non
847 1676 967 1742 distulit

170 1821 231 1862 nec
249 1799 388 1863 suffecit.
410 1798 472 1861 Hic
498 1797 587 1862 idem
609 1797 651 1862 de
669 1797 814 1862 vestibus
844 1814 878 1862 et
892 1819 965 1886 pre·

170 1919 260 1984 tiosis
282 1917 446 2007 lapidibus
467 1916 548 2006 egit,
569 1934 602 1982 et
618 1917 665 1982 sic
684 1916 810 1981 transiit
828 1915 966 1980 circulus

171 2041 248 2106 anni
267 2041 301 2105 in
323 2063 389 2129 quo
402 2062 470 2104 non
482 2060 603 2128 paucos
618 2039 685 2120 jam
704 2038 816 2102 mortis
835 2036 968 2129 nexibus

172 2162 313 2228 irretitos
333 2162 492 2226 liberavit.
513 2160 591 2224 Erat
610 2176 718 2224 autem
734 2159 769 2222 in
788 2158 904 2223 eadem
918 2182 968 2223 re-

172 2281 269 2372 gione
289 2280 420 2368 quidam
437 2281 533 2369 Regis
550 2280 731 2369 praescripti
747 2280 894 2345 notarius
916 2281 970 2368 qui

171 2401 282 2467 livoris
311 2399 436 2465 macula
465 2415 568 2464 tactus
599 2420 703 2487 puero
728 2397 912 2484 invidebat,
942 2415 972 2464 et

176 2542 287 2610 graves
305 2517 487 2582 inimicitias
505 2516 843 2598 latenterexercebat,
864 2533 897 2582 et
907 2519 971 2581 Re·

175 2661 249 2727 gem
269 2659 345 2724 erga
366 2659 507 2723 puerum
529 2637 564 2699 in
586 2635 668 2700 iram
694 2637 905 2725 exasperabat
924 2636 972 2699 his

173 2757 283 2822 verbis
296 2778 304 2820 ε
317 2755 475 2836 Domine,
487 2755 601 2820 lenitas
617 2771 730 2820 vestrae
742 2755 929 2820 moralitatis
940 2755 973 2818 in

174 2876 273 2943 vestri
303 2872 407 2938 filium
427 2874 601 2939 consiliarii
633 2876 686 2939 cui
705 2891 797 2964 pater
815 2875 973 2940 infinitam

174 2997 306 3086 reliquit
317 2993 507 3084 pecuniam,
530 3016 572 3059 ne
588 2993 693 3059 dicam
707 2995 820 3077 stulte,
839 2996 974 3060 nimium

176 3119 281 3184 mollis
294 3116 373 3197 suit,
393 3114 493 3179 modo
516 3136 656 3202 namque
676 3136 738 3179 nec
758 3136 817 3179 vos
840 3138 902 3179 nec
923 3115 974 3178 ille

174 3238 348 3326 pecuniam
370 3236 496 3300 habetis
520 3258 618 3323 quatu
638 3236 841 3300 inconsultus
859 3257 973 3326 super·

177 3355 240 3419 flue
265 3354 460 3443 dilapidavit.
492 3358 561 3419 Rex
591 3377 669 3420 vero
697 3357 813 3421 talibus
835 3358 869 3422 in
895 3359 973 3420 iram
