2286 4238
532 417 537 425 ,
625 349 797 418 ›90‹

547 643 744 710 FABULA
768 643 879 709 XIII.

358 930 491 994 Dictum
507 929 569 992 fuit
584 928 665 990 mihi
682 927 772 1014 quod
791 926 923 1014 quidam
948 931 1112 1016 Hispanus

313 1051 455 1137 perrexit
480 1049 602 1128 Mech,
635 1064 667 1110 et
694 1046 773 1110 dum
801 1047 869 1111 ibat
900 1050 1049 1135 pervenit
1076 1052 1110 1114 in

313 1169 509 1258 AEgyptum‚
531 1169 589 1255 qui
607 1167 732 1230 deserta
753 1183 845 1230 terrae
862 1168 981 1232 intrare
1001 1170 1112 1234 volens

313 1305 345 1352 et
365 1291 517 1369 transire,
540 1288 691 1375 cogitavit
709 1285 799 1373 quod
820 1288 994 1373 pecuniam
1019 1312 1110 1352 suam

311 1410 346 1473 in
357 1408 497 1497 AEgypto
509 1407 700 1488 dimitteret,
718 1423 750 1471 et
760 1423 933 1494 antequam
948 1407 1109 1475 dimittere

311 1528 465 1593 voluisset
479 1527 688 1614 interrogavit
705 1528 732 1589 si
745 1527 862 1613 aliquis
883 1527 986 1592 fidelis
1007 1529 1108 1594 homo

310 1664 394 1712 esset
412 1649 446 1710 in
469 1645 522 1708 illa
543 1646 675 1734 regione
697 1647 751 1708 cui
773 1663 882 1732 posset
903 1649 1108 1716 committere

301 1768 482 1855 ‘pecuniam
496 1789 602 1847 auam,
622 1783 654 1829 et
667 1765 880 1831 ostenderunt
890 1768 921 1829 ei
932 1769 1104 1854 antiquum

309 1887 476 1955 hominem
501 1888 704 1951 nominatum
732 1886 893 1974 probitate
923 1885 1105 1969 fidelitatis,

308 2007 363 2076 cui
385 2006 426 2073 de
451 2029 511 2071 suo
531 2006 618 2071 mille
638 2006 755 2070 talenta
773 2005 950 2086 commisit,
971 2004 1106 2071 demum

306 2127 462 2215 perrexit,
483 2126 633 2212 factoque
646 2127 761 2190 itinere
779 2124 820 2188 ad
833 2126 925 2192 illum
937 2126 1035 2192 rediit
1049 2129 1106 2193 cui

305 2248 477 2334 pecuniam
492 2245 669 2325 commisit,
689 2262 723 2314 et
737 2244 828 2330 quod
843 2248 1049 2311 commiserat
1061 2249 1104 2311 ab

305 2389 344 2431 eo
366 2366 521 2452 quesivit.
547 2366 591 2431 At
613 2363 666 2427 ille
687 2363 802 2451 plenus
830 2364 981 2449 nequitiae
1011 2365 1104 2431 illum

304 2506 483 2570 numquam
496 2499 588 2547 antea
600 2505 635 2547 se
651 2480 771 2548 vidisse
788 2479 926 2547 dicebat.
950 2483 1008 2552 Ille
1022 2507 1103 2551 vero

304 2604 351 2672 sic
381 2602 536 2691 deceptus
562 2604 704 2690 perrexit
729 2602 770 2665 ad
801 2603 923 2690 probos
950 2603 1103 2671 homines

302 2724 443 2812 regionis
467 2723 570 2805 illius,
593 2740 626 2787 et
648 2721 814 2810 quomodo
837 2739 1002 2788 tractasset
1023 2747 1103 2793 eutn

300 2844 400 2912 horno
422 2842 475 2911 ille
494 2842 548 2908 cui
570 2843 742 2930 pecuniam
760 2843 966 2909 commiserat
983 2844 1028 2907 eis
1049 2868 1103 2909 re·¹

299 2965 380 3029 tulit.
397 2963 507 3030 Vicini
529 2984 607 3026 vero
626 2962 711 3029 illius
727 2962 768 3026 de
784 2985 822 3026 eo
837 2961 912 3029 talia
928 2960 1101 3031 audientes

299 3082 431 3149 eredere
450 3082 641 3161 noluerunt,
661 3080 720 3145 sed
740 3080 822 3143 nihil
836 3079 900 3142 hoc
917 3100 987 3145 esse
1005 3078 1101 3151 dixe-

297 3221 382 3267 runt.
404 3205 470 3286 Qui
488 3226 566 3267 vero
589 3203 762 3290 pecuniam
781 3200 987 3289 perdiderat,
1012 3225 1100 3266 una·

298 3346 426 3409 quaque
451 3324 503 3386 die
528 3322 569 3386 ad
591 3322 726 3386 domum
749 3322 833 3384 illius
856 3323 913 3408 qui
935 3322 1102 3388 retinebat
