2286 4238
480 359 528 415 *b
551 367 592 407 20
615 356 660 413 ἤ

170 462 336 555 quoddam
350 464 481 527 intravit
495 478 533 528 ut
544 461 668 527 ibidem
679 474 896 549 pernoctaret
908 463 974 528 Sed

171 615 247 658 cum
270 593 317 656 ibi
337 592 451 656 annus
474 591 575 654 multa
595 589 654 653 diu
673 611 786 652 secum
807 590 974 672 volveret,

168 724 350 776 occurrunt
364 711 427 774 sibi
439 708 506 773 duo
519 711 580 773 viri
591 731 695 798 prope
708 709 869 796 templum
882 711 917 773 in
931 711 975 774 ci-

103 847 105 852 '
171 833 267 896 vitate
277 846 292 914 ,'
306 852 446 918 quomm
460 853 546 893 unus
561 829 662 921 alium
676 828 857 911 interfecit,
878 830 975 893 clam-

172 974 236 1039 que
255 951 390 1040 aufugit.
408 949 503 1013 Multi
522 949 622 1039 igitur
642 949 730 1012 cives
749 971 812 1037 pro
834 949 973 1038 strepitu

172 1073 399 1152 decurrentes,
412 1070 622 1135 interfectum
634 1069 826 1157 repperiunt
836 1085 871 1133 et
880 1089 973 1156 qtae·

170 1205 277 1260 rentes
308 1195 457 1282 quisnam
488 1191 707 1256 homicidium
735 1207 973 1279 perpetrasset,

173 1320 374 1382 intraverunt
393 1316 551 1404 templum
578 1326 743 1400 sperantes
773 1311 973 1376 homicidam

172 1444 347 1531 repperire.
367 1441 555 1529 AEgyptium
569 1452 647 1503 'vero
659 1454 841 1527 repperunt
850 1438 924 1519 ibi,
942 1453 976 1502 et

172 1562 370 1625 sciscitantes
386 1561 427 1622 ab
444 1581 488 1622 -eo
507 1559 655 1645 quisnam
674 1560 782 1622 virum
798 1559 979 1622 interfecis-

173 1695 241 1759 set,
271 1678 446 1742 audierunt
472 1678 516 1741 ab
544 1679 615 1765 ipso
639 1677 716 1764 quia
738 1699 799 1766 ego
819 1678 976 1741 interfeci

175 1822 271 1881 eum,
286 1815 507 1887 paupertatem
524 1798 611 1860 enim
630 1820 723 1861 suam
738 1814 844 1861 morte
861 1798 975 1862 saltem

175 1918 268 1983 finire
285 1919 463 2007 cupiebat:
483 1920 609 2006 Captus
625 1919 734 2004 itaque
755 1918 978 1982 incarceratus

175 2057 232 2104 est.
252 2038 352 2104 Mane
373 2056 483 2103 autem
504 2040 590 2102 facto
600 2037 804 2126 producitur
825 2055 899 2102 ante
919 2040 976 2119 ju-

175 2161 283 2242 dices,
303 2163 349 2225 ‘et
370 2163 478 2224 morte
504 2157 764 2246 condempnatus
782 2157 916 2223 ducitur
933 2161 977 2224 ad

176 2297 317 2350 erucem.
332 2281 429 2348 Muti
438 2301 516 2371 ergo
528 2280 570 2345 de
581 2302 673 2344 more
685 2298 884 2364 occurrunt,
894 2299 982 2369 'quo-

173 2424 250 2469 rum
262 2404 425 2468 unusiuit
438 2402 562 2465 amicus
571 2401 648 2480 ejus
666 2401 759 2479 cujus
778 2420 875 2464 causa
890 2400 979 2465 adic-

177 2540 228 2588 rat
250 2521 400 2586 Baldach.
419 2523 486 2586 Hic
513 2521 641 2585 acutius
665 2542 742 2583 eum
763 2521 893 2583 intuens
916 2519 978 2584 de·

176 2641 353 2731 prehendit
364 2660 434 2706 esse
446 2642 589 2705 amicum
605 2662 704 2728 quem
716 2640 750 2703 in
768 2639 910 2728 AEgypt'o
918 2660 979 2704 re·

176 2765 334 2852 liquerat-3
352 2762 563 2826 reminiscens
587 2763 696 2849 itaque
718 2762 884 2825 bonorum
905 2783 978 2848 quae

173 2887 241 2952 sibi
256 2887 296 2950 in
315 2885 455 2974 AEgypto
477 2884 615 2965 fecerat,
638 2885 782 2973 cogitans
798 2882 884 2969 ¹quia
901 2857 991 2972 post

171 3013 316 3072 mortem
326 3006 510 3070 retribuere
522 3005 572 3067 illi
591 3027 657 3068 non
673 3020 818 3093 poterat,
837 3021 978 3068 mortem

177 3151 238 3216 pro
249 3129 303 3192 illo
314 3141 352 3192 ‘se
362 3127 473 3192 subire
490 3125 653 3207 decrevit,
669 3148 750 3189 voce
766 3147 850 3213 ‘ergo
862 3145 979 3214 magna

180 3250 327 3314 clamavit
344 3272 352 3313 t
370 3248 460 3332 Quid
473 3249 684 3313 innocentem
696 3246 977 3334 condempnastis,

180 3385 287 3455 quove
312 3393 387 3433 eum
413 3368 554 3434 ducitis?
577 3392 645 3433 non
670 3384 809 3432 mortem
835 3367 977 3444 meruit,
