2286 4238
417 365 461 421 9
483 372 503 413 v
525 365 567 419 ⁶

90 477 234 568 pretres,
248 470 452 541 descendans
465 471 627 559 d’Anmn,
645 470 843 541 bc'nissaient
856 474 885 542 le
964 515 967 522 ·

90 586 212 680 peuple
224 597 248 652 ¹.

89 786 222 839 mentibus
232 806 283 858 pro
294 805 386 838 eorum
399 786 526 840 revelavit
537 786 694 859 capacitate.
709 785 738 838 si
747 797 836 838 tamen
847 798 887 855 at·

89 874 183 926 tendas
194 873 332 934 subtilius,
346 885 372 924 et
384 872 453 926 illud
466 874 516 926 Dei
530 883 640 939 nomen,
655 858 729 945 quod
739 873 768 925 in
782 859 888 927 secretis

89 971 252 1010 secretorum
263 958 433 1028 explanatum
444 957 590 1022 invenitur,
602 959 741 1030 inspicias,
752 979 827 1029 mna,
840 978 888 1011 no·

89 1063 151 1096 men
162 1044 269 1114 inquam
276 1044 356 1095 trium
364 1043 526 1108 litterarum,
535 1044 657 1115 quamvis
664 1056 779 1114 quatuor
785 1044 887 1114 figuris,

88 1149 144 1182 una
157 1149 272 1200 namque
284 1128 317 1183 de
328 1130 382 1188 illis
396 1130 528 1200 geminata
538 1131 580 1183 bis
593 1130 733 1199 scribitur,
745 1130 767 1181 si
778 1130 888 1208 inquam

89 1216 158 1268 illud
168 1217 306 1288 inspicias,
316 1215 420 1270 videbis
431 1218 495 1288 quia
506 1217 578 1269 idem
589 1235 686 1269 nomen
696 1230 722 1268 et
731 1234 815 1269 unum
824 1217 857 1269 sit
863 1229 889 1270 et

88 1303 154 1367 tria;
165 1301 212 1355 sed
223 1302 297 1374 quod
306 1322 390 1355 unum
400 1315 447 1367 est,
457 1302 492 1355 ad
505 1303 635 1356 unitatem
645 1303 806 1368 substantie,
814 1302 889 1379 quod

88 1408 153 1442 vero
167 1389 229 1451 tria,
244 1388 279 1440 ad
289 1389 447 1442 Trinitatem
463 1390 571 1462 respicit
582 1408 763 1462 personarum.
778 1391 896 1443 Constat·

88 1487 177 1528 autem
185 1494 283 1530 nomen
289 1476 358 1530 illud
365 1478 407 1530 his
413 1489 529 1548 quatuor
536 1477 643 1549 figuris,
652 1487 694 1536 ett
704 1489 756 1548 etp
766 1488 812 1548 eta
821 1490 847 1531 et
856 1498 886 1548 ῃ,

88 1579 201 1632 quarum
208 1562 230 1613 si
236 1563 350 1639 primam
356 1575 458 1616 tautum
465 1563 634 1636 conjunxeris
641 1576 667 1615 et
675 1561 832 1615 secundamt
840 1565 888 1617 sci·

88 1646 149 1700 licet
161 1661 229 1718 εἴη,
242 1649 292 1702 erit
301 1669 364 1703 sane
374 1670 471 1704 nomen
484 1671 578 1703 unum.
590 1652 658 1704 Item
673 1650 693 1702 si
705 1650 849 1704 secundam
861 1664 888 1705 et

89 1733 193 1786 tertiam
202 1757 221 1804 ῃ
231 1735 332 1788 scilicet
340 1742 393 1807 ets,
402 1739 457 1808 jam
465 1738 578 1790 babebis
587 1738 709 1789 alterum.
719 1736 855 1801 Similiter,
865 1738 887 1788 si

87 1820 193 1872 tertiam
201 1833 305 1873 tantum
313 1824 692 1894 copulaverisatquequartam
699 1822 817 1886 sciliceta
824 1836 850 1876 et
857 1845 885 1892 ῃ,

88 1907 205 1984 invenies
218 1920 245 1960 et
262 1909 377 1961 tertium.
390 1912 504 1973 Rursus,
517 1910 539 1961 si
552 1927 643 1960 omnes
656 1909 735 1960 simul
747 1909 774 1959 in
792 1909 887 1962 ordine

88 1976 386 2050 connexuerisnonerit
393 1995 442 2046 nisi
450 2012 545 2046 nomen
553 1993 753 2056 unum‚sicutin
760 1993 888 2068 istdpatet

88 2079 340 2150 geometralifigura
346 2083 484 2151 (Pag.199,
491 2069 716 2150 edit.Lugd.)l'id.
717 2081 793 2150 figur.
800 2098 827 2149 p.
833 2080 885 2150 xvj.

125 2174 133 2198 ¹
145 2166 262 2218 Notatur
269 2183 376 2236 quoque
385 2167 504 2219 Trinitas
513 2168 541 2218 in
550 2167 636 2219 tribus
645 2164 886 2229 benedictionibus,

87 2251 184 2324 quibus
200 2254 291 2304 Aaron
303 2265 329 2305 et
344 2252 395 2305 lilii
411 2255 467 2327 ejus
479 2251 675 2327 benedicebant
686 2250 747 2302 filiis
759 2250 886 2331 Israelex

87 2352 219 2410 praecepto
233 2340 341 2392 Domini
355 2338 466 2392 dicentis
482 2338 517 2391 ad
533 2340 664 2410 Moysen:
677 2342 784 2403 Loquere
800 2343 885 2388 Aaron

88 2440 112 2476 et
112 2429 177 2495 filiis
186 2429 246 2493 ejus.
257 2428 296 2475 Sic
307 2428 450 2476 benedicetis
453 2428 516 2492 filiis
528 2427 607 2474 Israel
610 2461 616 2485 ,
625 2437 648 2473 et
653 2425 738 2473 dicetis
749 2425 798 2474 eis:
807 2428 885 2476 Bene-

86 2514 155 2562 dicat
164 2514 209 2562 tibi
222 2514 354 2576 Dominus,
367 2526 392 2562 et
404 2513 526 2562 custodiat
537 2524 576 2569 te,·
594 2513 708 2560 ostendat
717 2512 832 2561 Dominus
835 2516 884 2577 fa·

86 2601 146 2649 ciem
159 2617 227 2649 suam
242 2601 298 2661 tibi,-
310 2611 334 2648 et
344 2599 489 2648 misereatur
499 2597 547 2657 ω’,-
560 2609 688 2650 conamur
698 2598 814 2647 Dominus
824 2602 885 2648 vul·

86 2699 215 2734 eumenum
228 2687 266 2734 ad
277 2699 315 2749 te,
328 2698 351 2734 et
363 2688 405 2735 det
416 2687 460 2734 tibi
470 2703 566 2751 pacetn.
582 2685 708 2751 (Numer.
718 2701 764 2742 vt,
778 2682 820 2754 5.)
835 2683 884 2734 His

86 2772 185 2843 quippe
191 2770 422 2824 benedictionibus
430 2772 553 2825 sacerdos
561 2771 643 2824 alicui
650 2770 884 2840 benedicens,pro·

86 2871 172 2912 tensas
180 2871 241 2911 ante
248 2859 352 2912 vultum
362 2879 437 2912 suum
446 2861 548 2932 palmas
558 2873 685 2930 utrasque
692 2859 808 2912 tenebat.
816 2858 882 2908 Cinn

85 2964 149 2998 vero
161 2945 267 2998 dicebat
279 2948 407 3000 Dominus
421 2966 499 3019 quem
511 2947 637 3000 hebraice
653 2946 701 2998 illo
716 2942 790 3014 quod
804 2960 881 3011 suprt¹

73 3031 199 3108 diximus
213 3032 283 3108 trino
294 3044 322 3108 et
335 3052 390 3087 uno
403 3034 510 3102 nomine
526 3032 692 3107 exprimebat
705 3029 814 3109 (pipp),
830 3039 883 3081 tres

85 3117 183 3187 digitos
192 3119 304 3189 priores,
317 3122 440 3190 pollicem
447 3106 591 3178 uidelicet,
601 3107 730 3180 iudicem,
743 3124 822 3194 atque
829 3104 884 3167 me*-

84 3205 173 3270 dium,
184 3225 279 3259 manus
289 3208 438 3279 utriusque,
447 3220 533 3260 rectos
544 3204 624 3257 altius
633 3201 767 3273 erigebat,
775 3213 800 3254 et
809 3201 881 3256 dicto

83 3294 120 3344 ita
134 3293 261 3358 Domino,
276 3293 375 3364 digitos
390 3307 420 3347 ut
439 3295 511 3364 priris
528 3291 687 3344 remittebat.
704 3290 786 3360 (Peg.
802 3293 879 3359 noo.)
