2286 4238
573 353 617 412 b
643 339 680 405 18
703 353 746 408 Q

259 461 375 526 domus
402 477 465 525 ture
488 460 659 541 mulieres,
679 476 711 524 et
734 461 761 524 si
785 461 867 524 forte
893 463 978 526 inter
1003 487 1056 529 eas

259 583 343 650 hanc
371 586 500 668 videro,
526 587 586 650 tihi
610 586 789 651 ostendam.
817 589 892 670 Quo
924 589 1057 672 audito,

258 713 401 778 ostendit
413 715 444 777 ei
459 715 646 778 cantatrices
662 731 695 778 et
708 712 901 802 pedisequas
916 738 1057 803 cpiarum

259 834 347 897 nulla
367 836 397 898 ei
421 835 552 922 placuit
579 836 656 899 Post
677 835 757 917 hoc,
778 835 920 901 ostendit
943 859 1057 901 omnes

258 952 357 1036 filias,
380 955 438 1018 has
461 976 592 1042 quoque
612 955 698 1018 sicut
719 971 753 1019 et
770 971 902 1020 coeteras
920 958 1057 1020 omnino

257 1072 378 1161 repulit
396 1089 492 1160 atque
512 1072 683 1162 negglexit.
699 1073 850 1137 Habebat
866 1091 976 1138 autem
994 1074 1061 1139 do··

258 1190 367 1254 minus
387 1189 550 1278 quandam
563 1191 716 1265 ¹nobilem
738 1191 880 1278 puellam
900 1193 935 1255 in
957 1192 1057 1258 domo

258 1333 316 1378 sua
329 1333 428 1399 quam
438 1311 564 1392 jamdiu
579 1310 773 1376 educaverat
785 1329 823 1376 ut
838 1336 909 1376 eam
926 1315 1056 1404 accipe-

258 1449 310 1497 ret
330 1433 365 1495 in
384 1453 539 1515 uxorem,
560 1456 658 1521 quam
680 1450 712 1497 et
732 1433 874 1498 ostendit
896 1435 936 1499 ei.
956 1435 1059 1525 AEger

259 1581 338 1622 vero
352 1575 480 1647 aspecta
494 1559 556 1622 hac
570 1559 635 1623 ait:
653 1583 693 1623 ex
706 1561 768 1626 hac
784 1578 833 1624 est
852 1561 934 1624 mihi
954 1563 1057 1644 mori,

261 1698 294 1745 et
306 1683 342 1745 in
353 1683 418 1747 hac
430 1706 503 1748 mea
514 1684 588 1747 vita.
602 1685 677 1767 Quo
688 1685 801 1750 audito
813 1684 905 1750 dedit
915 1687 1059 1774 puellam

261 1804 295 1866 in
310 1825 447 1868 uxorem
463 1828 547 1893 aegro
560 1828 636 1869 cum
649 1807 804 1870 omnibus
817 1830 889 1894 quae
902 1824 970 1871 erat
979 1831 1060 1872 eum

261 1945 299 1986 ea
313 1940 523 2011 accepturus,
546 1938 583 1989 et'
590 1942 744 2013 praeterea
755 1925 847 1990 dedit
857 1927 891 1989 ei
902 1949 974 2014 quae
992 1945 1062 1993 erat

261 2041 395 2106 daturus
412 2044 528 2131 puellae
545 2045 573 2107 si
589 2066 661 2108 eam
680 2045 843 2133 acciperet
860 2046 896 2123 in
910 2067 1059 2111 uxorem.

261 2164 320 2228 His
334 2164 519 2252 completis,
532 2181 663 2253 accepta
676 2186 778 2227 uxore
793 2179 826 2227 et
835 2164 886 2226 his
898 2188 970 2252 quae
983 2189 1061 2229 cum

262 2308 363 2351 uxore
375 2302 560 2373 acceperat,
575 2302 608 2349 et
618 2285 835 2374 negotiatione
846 2286 948 2368 facta,
963 2285 1062 2351 rediit

263 2408 297 2470 in
313 2407 459 2495 patriam„
477 2407 621 2495 Contigit
640 2422 748 2468 autem
763 2406 916 2492 posthoc
934 2405 1060 2496 AEgyp·

262 2526 365 2589 tiacus
383 2527 494 2589 omnia
509 2550 568 2590 sua
580 2527 690 2590 multis
710 2526 816 2590 modis
834 2527 1012 2611 amitteret,
1029 2545 1063 2592 et

264 2665 388 2732 pauper
407 2646 549 2721 effectus,
562 2648 714 2735 cogitavit
730 2646 817 2736 apud
835 2670 870 2710 se
893 2646 989 2734 quod
1000 2651 1065 2712 iret

266 2762 407 2851 Baldach
418 2762 460 2826 ad
471 2765 615 2828 amicum
631 2789 728 2830 suum
747 2791 846 2855 quem
863 2768 1065 2831 ibihabebat

266 2901 304 2949 ut
317 2884 369 2947 sui
386 2884 602 2948 misereretur.
620 2886 685 2949 lter
701 2909 778 2976 ergo
789 2886 898 2951 nudus
914 2904 947 2951 et
958 2888 1062 2951 fame·

264 3006 328 3070 lius
347 3004 501 3092 arripuit,
517 3021 614 3094 atque
628 3007 768 3071 Baldach
781 3009 973 3096 intempeste
987 3031 1065 3072 noe-

266 3125 305 3189 tis
319 3124 445 3188 silentio
461 3126 625 3212 pervenit,
638 3126 746 3214 pudor
755 3143 863 3190 autem
875 3127 906 3189 ei
915 3127 1066 3217 obstabat

268 3268 310 3310 ne
324 3245 459 3311 domum
469 3247 566 3311 amici
577 3246 700 3330 adiret,
719 3270 761 3312 ne
778 3248 861 3311 forte
877 3247 1065 3338 incognitus

270 3365 323 3428 tali
354 3382 499 3454 tempore
531 3368 764 3455 expelleretur,
799 3367 958 3455 templum
985 3390 1066 3432 vero
