2286 4238
549 336 592 395 9
618 321 678 386 180
701 337 744 391 ἀ

247 442 340 509 vultu
360 440 485 525 :Quod
508 439 588 507 mihi
611 461 678 504 nou
703 438 801 519 dnus,
825 438 954 504 auferre
980 463 1050 505 non

248 563 458 654 presumatis.
472 562 605 627 Talibus
617 559 689 624 irati
703 558 817 623 delare
829 581 896 646 quo
911 559 1051 651 degebat

249 682 408 772 expellere
421 680 594 744 voluerunt
611 695 645 744 et
653 676 730 741 inde
742 676 794 743 via
807 676 988 760 abducere,
1006 702 1050 743 ne

250 800 471 890 pretereuntis
490 799 578 864 oculi
593 798 719 865 domini
736 818 802 866 tam
820 801 892 865 vilis
911 821 1054 887 persona

251 920 448 1001 offenderet,
471 917 564 1006 quod
585 941 652 983 non
678 920 819 984 valentes
840 919 955 984 minati
975 935 1052 984 suut

253 1040 284 1104 ei
297 1038 442 1103 dicentes
459 1036 566 1103 :Vide
581 1060 624 1102 ne
642 1038 722 1126 quid
738 1040 814 1104 mali
832 1063 871 1104 ex
887 1039 1051 1128 protervi·

252 1162 324 1226 tatis
338 1158 446 1225 studio
459 1159 518 1223 tibi
534 1160 712 1248 contingat,
727 1161 803 1248 quia
814 1136 885 1225 llex
896 1177 929 1225 et
943 1160 1052 1225 domi-

253 1304 314 1344 nus
323 1296 432 1343 noster
440 1301 515 1342 cum
525 1279 735 1343 familiaribus
745 1280 810 1345 suis
820 1296 852 1344 et
859 1280 1051 1369 primatibus

253 1420 302 1468 est
319 1403 382 1466 hac
403 1418 494 1490 parte
515 1401 715 1465 transiturus.
739 1402 815 1465 Illos
838 1417 947 1465 autem
966 1402 1000 1463 in
1019 1423 1054 1465 se

252 1523 403 1586 latrantes
428 1520 645 1609 Philosophus
667 1522 813 1602 intuens,
835 1543 902 1584 non
920 1537 985 1602 est,
1002 1521 1053 1584 in·

255 1640 340 1728 quit,
369 1654 476 1704 vester
501 1638 654 1704 dominus
680 1640 833 1704 dominus
859 1663 972 1722 meus,
997 1639 1055 1704 sed

255 1759 362 1847 potius
377 1773 425 1822 est
438 1759 501 1822 mei
517 1759 602 1822 servi
623 1781 745 1824 servus.
768 1760 867 1842 Quod
887 1761 1056 1826 audientes

256 1893 289 1941 et
302 1878 467 1941 novercali
479 1878 572 1943 vultu
588 1900 664 1941 eum
678 1878 907 1967 respicientes,
922 1879 1055 1966 quidum

257 1996 451 2061 detruncare
486 2012 739 2086 proposuerunt.
770 1997 881 2062 Minus
914 1999 1057 2088 improbi

258 2116 365 2181 donec
394 2118 491 2206 Regis
518 2119 712 2183 senteutiam
736 2118 903 2202 audirent,
929 2120 1057 2208 placere

260 2238 485 2303 decreverunt.
500 2240 588 2303 Dum
602 2261 680 2302 vero
695 2239 730 2303 in
742 2239 833 2302 hunc
846 2241 984 2304 modum
998 2240 1057 2305 de·

260 2359 430 2439 tricarent,
444 2360 515 2422 Rex
529 2357 705 2422 adveniens
719 2374 752 2422 et
764 2381 835 2445 quae
852 2382 949 2424 causa
967 2361 1060 2448 litigii

159 2491 161 2495 “
262 2478 347 2541 foret
356 2479 565 2567 perquirens,
581 2495 754 2566 quaegesta
764 2478 895 2543 fuerant
906 2480 960 2544 vel
976 2479 1062 2544 dicta

263 2596 391 2660 famulis
406 2598 624 2661 referentibus
639 2599 800 2686 cognovit.
818 2599 939 2664 Volens
951 2601 1062 2688 itaque

264 2717 384 2779 Rexan
399 2715 473 2780 ficta
484 2717 621 2781 fuissent
634 2741 847 2806 cognoscere,
863 2719 905 2783 ad
916 2721 1065 2784 Philoso-

263 2837 824 2928 phumproperavitinquirensquid
833 2839 1063 2907 desediceret

265 2962 358 3025 Sicut
374 2961 465 3050 prius
490 2960 635 3043 famulis,
659 2961 704 3024 ita
726 2984 803 3025 eum
822 2961 886 3025 sibi
909 2963 962 3025 sui
981 2964 1064 3027 servi

266 3105 395 3148 servum
418 3105 488 3146 esse
519 3081 676 3162 asseruit,
708 3104 849 3168 quorum
871 3084 1066 3147 sententiam

267 3204 444 3266 verborum
456 3203 526 3265 Rex
535 3201 679 3290 benigno
692 3201 792 3265 affatu
803 3201 977 3291 diligenter
987 3226 1066 3273 eno·

272 3318 339 3380 dari
353 3322 416 3384 sibi
436 3321 617 3407 postulavit.
638 3320 690 3387 Ad
710 3344 809 3407 quem
826 3321 1066 3410 Philosophus,
