2286 4238
713 365 755 421 9
782 370 839 410 112
864 362 906 418 Q

418 465 540 552 aliquid
557 466 755 552 interrogare
779 464 868 551 quod
890 487 955 526 non
977 465 1135 529 amisisset

417 586 477 648 alia
499 601 588 673 parte
608 584 765 648 credibile
785 585 867 647 mihi
891 584 1021 647 videtur
1044 584 1133 670 quod

416 727 539 793 pauper
561 705 661 768 homo
691 705 773 766 nihil
802 705 938 793 amphus
962 707 1086 768 invenit
1117 729 1138 792 q

416 823 576 906 reddidit,
591 829 666 912 quia
675 826 777 888 malus
787 826 887 888 homo
897 827 925 888 si
934 843 1033 905 essct,
1044 849 1110 889 non

416 943 561 1007 reddidit
569 944 736 1024 redderet,
753 945 854 1007 immo
865 960 969 1007 totum
987 945 1113 1008 celaret.
1140 952 1143 1000 Ι

417 1067 489 1132 Rex
502 1088 511 1130 z
524 1064 614 1146 Quid
623 1080 731 1127 autem
746 1062 824 1126 inde
832 1063 976 1145 judicas,
992 1064 1140 1127 Philoso

417 1186 655 1273 Philosophus:
675 1185 763 1264 Rex,
782 1205 874 1246 sume
895 1206 1045 1264 censum,
1066 1200 1098 1247 et
1114 1182 1136 1245 d

418 1330 457 1370 eo
476 1306 612 1394 pauperi
631 1319 762 1366 centum
776 1302 909 1382 talenta,
927 1318 960 1365 et
974 1301 1062 1387 quod
1082 1325 1117 1365 re

418 1427 495 1490 serit
509 1447 601 1488 serva
615 1423 719 1486 donec
737 1423 845 1485 veniat
857 1423 914 1508 qui
928 1445 1061 1485 censum
1074 1446 1143 1508 qun.

419 1548 493 1633 quia
510 1568 576 1608 non
591 1560 639 1607 est
652 1545 707 1607 hic
722 1545 814 1622 cujus
828 1545 888 1607 iste
906 1566 1022 1607 census
1040 1544 1097 1624 sit,
1113 1565 1143 1605 e·

420 1665 509 1728 dives
523 1665 624 1727 homo
634 1680 686 1728 eat
703 1663 745 1726 ad
758 1686 940 1751 praeconem
956 1680 989 1726 et
1001 1664 1096 1726 faciat
1112 1687 1143 1724 rt

419 1807 532 1872 rogare
560 1783 712 1846 sacellum
740 1806 816 1845 cum
842 1782 971 1847 duobus
997 1783 1138 1869 serpenti

420 1904 502 1991 Regi
515 1920 622 1966 autern
634 1901 755 1989 placuit
764 1902 828 1965 hoc
842 1901 1019 1982 judicium,
1031 1918 1127 1987 atque

419 2025 516 2089 nibus
527 2025 575 2088 ibi
586 2022 878 2086 circumstantibus.
890 2022 987 2085 Dives
1002 2044 1079 2085 vero
1097 2050 1105 2077 ι

419 2146 536 2209 cellum
553 2138 754 2232 perdiderat,
771 2143 834 2204 hoc
843 2139 978 2204 audiens
988 2142 1110 2226 inquit:
1133 2147 1141 2195 l

417 2265 505 2344 Rex,
516 2262 591 2326 dico
602 2262 662 2325 tibi
672 2262 845 2324 inveritate
856 2282 990 2322 censum
1001 2260 1098 2322 istum
1112 2258 1128 2319 f

418 2379 1116 2467 meum,sedquiavolebampauperihomini

417 2522 523 2588 praeco
546 2501 738 2586 promiserat
752 2498 897 2578 auferre,
922 2496 988 2559 dixi
1010 2497 1091 2559 mihi
1118 2541 1122 2551 .

419 2635 603 2706 serpentem
614 2617 722 2680 adhuc
734 2615 862 2698 deesse,
872 2615 930 2679 sed
939 2615 1049 2697 mod0‚
1057 2617 1137 2696 Rex,

417 2739 570 2801 miserere
582 2754 614 2799 et
620 2735 709 2822 quod
715 2759 820 2823 praeco
831 2737 979 2824 promisit
987 2735 1121 2798 reddam
1140 2766 1143 2815 ι

419 2860 500 2945 peri.
519 2853 600 2918 Inde
616 2855 686 2916 Rex
700 2876 834 2917 censum
843 2853 987 2917 reddidit
996 2852 1104 2933 diviti,

416 2977 563 3065 pauperi.
589 2977 637 3038 lta
662 2975 878 3063 Philosophus
900 2997 998 3038 sensu
1020 2991 1053 3037 et
1080 2974 1137 3060 ing

414 3119 591 3185 pauperem
616 3095 774 3159 liberavit.

457 3215 643 3301 Discipulos
666 3236 673 3277 :
700 3215 842 3300 Apparet
868 3213 931 3308 hoc
956 3235 1024 3275 esse
1046 3213 1120 3301 inge

415 3333 655 3421 philosophiae:
679 3333 743 3395 hoc
767 3332 913 3419 exemplo
936 3355 1002 3394 non
1025 3349 1073 3394 est
1094 3332 1140 3394 mi
