2286 4238
591 360 634 418 t*
661 347 720 422 146
743 360 786 417 ε

288 463 420 529 cordam
441 461 639 551 pendentem
652 465 686 527 in
709 482 809 551 puteo
822 466 856 528 in
877 467 971 546 cujus
992 489 1095 557 caput

287 602 355 650 erat
375 584 506 648 urceola
530 585 625 673 ligata
650 601 682 648 et
707 587 741 648 in
764 585 826 650 alio
849 588 954 675 capite
981 589 1093 656 cordat

285 706 382 770 altera
411 704 557 785 urceola,
591 722 624 769 et
650 704 840 792 pendebant
867 707 923 771 tali
954 707 1091 797 iugenio

286 825 377 913 quod
393 848 458 888 una
469 841 621 912 surgente
633 824 732 888 altera
742 825 973 891 descendebat.
988 829 1090 911 Quod
1118 854 1130 883 ⁰

285 947 397 1034 vulpes
419 945 516 1009 simul
538 968 575 1008 ac
593 944 676 1008 vidit
698 946 790 1030 quasi
806 946 993 1033 obsequens
1009 971 1088 1036 pre·

285 1070 379 1133 cibus
404 1068 473 1156 lupi
496 1067 661 1130 urceolam
681 1067 812 1131 intravit
831 1084 864 1131 et
884 1067 926 1131 ad
944 1068 1089 1134 fundum

284 1189 383 1254 venit.
406 1189 516 1276 Lupus
538 1204 646 1250 autem
672 1186 750 1250 inde
776 1187 904 1274 gavisus
925 1189 970 1251 ait
992 1211 1000 1253 ε
1020 1191 1089 1254 Cur

283 1333 350 1376 non
360 1311 456 1374 affers
468 1311 550 1373 mihi
562 1307 714 1373 caseum?
729 1307 851 1394 Vulpes
863 1309 908 1372 ait
921 1331 929 1372 ε
946 1309 1088 1396 Nequeo

284 1454 350 1518 prae
367 1430 609 1518 magnitudine3
623 1427 682 1492 sed
703 1429 788 1490 intra
806 1429 900 1492 aliam
918 1431 1088 1496 urceolam

282 1567 314 1615 et
329 1551 405 1614 veni
417 1551 502 1612 sicut
514 1551 595 1612 mihi
608 1546 821 1637 spopondisti.
834 1552 927 1638 Lupo
941 1551 1087 1618 intrante

280 1668 374 1733 aliam
384 1668 565 1748 urceolam,
576 1667 730 1754 ponderis
741 1670 966 1757 magnitudine
979 1671 1084 1736 dueta

284 1790 348 1852 cito
357 1787 496 1853 fundum
510 1789 612 1874 petiit,
622 1789 720 1851 altera
731 1805 883 1876 surgente
896 1813 975 1854 cum
986 1793 1087 1881 vulpe

283 1932 355 1997 quae
378 1926 446 1972 erat
467 1909 578 1972 levior.
605 1909 786 1995 Vulpecula
807 1925 891 1973 tacto
911 1932 969 1974 ore
991 1914 1087 1998 putei

280 2029 365 2093 foras
384 2029 485 2094 exiliit
502 2030 578 2093 etin
594 2044 692 2114 puteo
711 2028 827 2115 lupum
840 2028 981 2113 dimisit,
994 2047 1027 2094 et
1040 2032 1087 2099 ita

280 2151 357 2236 quia
374 2173 434 2237 pro
455 2150 565 2212 futuro
585 2171 725 2234 praesens
739 2147 878 2229 dimisit,
892 2150 991 2238 lupus
1008 2174 1084 2216 me·

278 2268 341 2331 rito
354 2269 454 2330 boves
471 2284 503 2330 et
519 2288 651 2329 caseum
666 2265 818 2351 perdidit.

322 2387 427 2449 Arabs
448 2386 614 2473 castigavit
630 2383 734 2447 filium
755 2407 877 2449 suum:
899 2385 949 2449 Ne
964 2386 1084 2454 credas

279 2506 368 2567 omni
390 2505 525 2568 consilio
539 2502 629 2589 quod
640 2502 752 2566 audies
768 2503 873 2568 donec
886 2505 988 2570 fuerit
1000 2531 1082 2596 pro·
1100 2506 1102 2510 ⁷

279 2623 392 2684 batum
417 2623 450 2684 in
473 2621 581 2706 aliquo
604 2645 645 2684 an
666 2622 709 2686 sit
728 2622 823 2703 utile,
847 2646 888 2686 ne
912 2624 1085 2716 contingat

278 2742 340 2806 tibi
353 2741 438 2803 sieut
447 2739 564 2813 latroni
575 2744 712 2831 contigit
721 2744 778 2829 qui
795 2743 931 2807 consilio
949 2743 1083 2814 domini

279 2861 449 2942 cujusdam
477 2860 593 2925 domus
618 2863 765 2926 credidit.
798 2862 850 2925 Ad
871 2857 942 2926 haec
971 2863 1060 2934 filius

272 2983 474 3067 ¹Qu0m0d0,
493 3001 597 3073 pater,
615 2986 724 3050 evenit
743 2983 796 3049 ei?
812 2984 916 3049 Pater.
