2286 4238
474 383 517 441 β
543 369 603 454 198
624 383 667 440 1

239 490 288 537 Sed
295 489 412 539 veniente
421 507 479 540 me
485 503 613 557 postquam
625 508 678 541 sum
687 500 768 558 raptus
779 491 865 541 amicis

272 595 351 658 Aeque
361 593 419 642 meis
422 593 532 660 famulis
541 597 600 645 orba
609 607 714 661 pamm
723 595 808 645 domus

238 696 279 743 lle
290 697 399 745 contexit
410 696 482 745 humo
492 697 674 763 deploravitque
678 696 807 765 jacentem*
872 678 875 685 ¹

271 803 347 865 Inque
356 817 420 850 meos
429 801 520 850 cheres
529 801 615 850 telesino
624 802 690 851 dona
700 801 784 859 dedit,

239 900 299 950 Inde
310 902 360 950 mei
368 903 450 951 vultm
460 903 566 953 comdit
573 915 640 952 terra
652 902 754 951 nitorem
764 939 773 966 ,

275 1007 382 1070 Quaque
383 1005 439 1070 filit
440 1003 532 1070 sormoe
539 1004 622 1072 gloria
634 1020 727 1071 magna
736 1003 818 1069 eadit,

221 1098 224 1103 ¹
240 1107 327 1171 Meque
332 1107 415 1171 juisse
423 1106 505 1155 virum
515 1124 620 1174 nequeas
631 1123 763 1172 agnoscere
767 1141 776 1166 ,
786 1106 810 1156 si
811 1123 869 1173 jam

274 1211 319 1260 Aa
325 1211 407 1260 visum
415 1213 486 1275 fuero
492 1211 562 1274 forte
572 1222 671 1260 mestus
681 1210 761 1262 Ιιιυηο.

240 1315 304 1379 Ergo
315 1317 391 1363 Deum
398 1332 447 1378 pro
456 1333 496 1364 mo
504 1333 559 1364 cum
565 1332 628 1382 pura
638 1325 844 1379 montepesato,

276 1418 395 1482 Quatimts
407 1431 498 1467 aetema
508 1418 550 1467 det
557 1417 617 1466 mili
622 1416 748 1487 pacefsui
752 1452 760 1479 ,

239 1519 271 1566 Ee
280 1521 421 1587 quicumque
429 1532 551 1587 mgatpro
561 1537 599 1569 me
609 1529 737 1586 conportet
740 1520 780 1583 yae
787 1533 860 1566 unum

275 1624 307 1669 Ue
316 1639 407 1671 mecum
419 1635 519 1673 manat
530 1623 555 1671 ιἰι
566 1623 661 1690 regione
668 1622 728 1687 poli.

169 1802 308 1869 Relectis
323 1805 441 1870 iterum
457 1822 490 1870 et
506 1807 625 1871 iterum
640 1805 788 1871 versibus
805 1804 891 1885 istis,
907 1823 963 1865 sae·

170 1914 334 1993 sularibus
365 1929 565 2018 postpositis,
597 1929 701 1992 faetus
730 1941 779 1990 est
806 1923 963 1988 heremita

167 2047 394 2137 Philosophus.
577 2023 580 2031 Ι
894 2042 898 2050 ’

211 2169 335 2234 Iterum
352 2169 393 2234 de
406 2169 590 2234 Alexandro
606 2168 731 2233 dictum
748 2184 796 2232 est
810 2166 900 2254 quod
914 2188 965 2230 se·

166 2288 298 2376 pultura
307 2291 376 2370 ejus
390 2291 475 2354 foret
485 2313 583 2354 aurea
593 2305 626 2353 et
638 2289 672 2352 in
684 2289 796 2377 pervio
809 2286 964 2351 omnihus

168 2412 249 2476 atrio
274 2415 379 2502 posita
402 2414 444 2479 ad
465 2436 563 2502 quem
582 2411 716 2502 plurimi
740 2425 965 2475 convenerunt

168 2531 358 2622 Philosophi
380 2533 422 2598 de
444 2535 564 2622 quibus
587 2556 673 2596 unus
695 2533 740 2595 ait
756 2527 963 2593 :Alexander

169 2649 210 2712 de
231 2673 311 2715 auro
332 2655 410 2718 fecit
427 2657 631 2737 thesaurum,
654 2675 743 2717 nunc
764 2674 783 2714 e
806 2671 964 2714 converso

167 2797 284 2838 aurum
307 2773 348 2838 de
368 2797 407 2836 eo
429 2775 507 2839 facit
527 2778 726 2840 thesaurum.
747 2773 841 2836 Alius
860 2771 966 2835 :Heri
1008 2818 1010 2821 ψ

168 2908 254 2956 totus
279 2892 310 2956 ei
340 2913 407 2956 non
439 2891 622 2959 sufficiebat
654 2891 822 2973 mundus,
863 2889 965 2954 hodie

170 3031 308 3100 quatuor
329 3015 404 3078 solae
425 3012 594 3079 sufficiunt
620 3015 651 3078 ei
675 3013 777 3094 ulnae3
804 3013 878 3074 heri
900 3035 964 3101 po-

167 3134 245 3220 pulo
265 3135 451 3222 imperavit,
470 3133 568 3198 hodie
586 3134 727 3222 populus
749 3133 887 3220 imperat
906 3131 963 3196 illi.

168 3252 259 3316 Alius
277 3277 285 3317 :
301 3257 381 3319 Heri
401 3256 519 3321 multos
539 3255 677 3343 populos
700 3253 808 3342 potuit
825 3277 843 3316 a
858 3266 963 3316 morte

166 3371 319 3456 liberare,
340 3376 439 3442 hodie
454 3400 515 3441 nec
535 3376 604 3457 ejus
621 3376 727 3458 jacula
747 3374 854 3464 potuit
872 3374 964 3440 devi-
