2286 4238
469 369 513 426 υ
538 377 598 441 190
620 370 664 428 ε

169 493 351 540 commotus
367 499 427 564 pro
444 499 548 564 puero
566 475 684 565 legavit
700 476 754 539 cui
774 476 848 539 talia
869 476 962 540 dixit:

170 596 328 684 lnsipiens
346 596 391 660 fili
406 597 577 685 sapientis,
598 597 685 660 iners
703 595 872 661 artificiosi
891 620 961 685 pro·

169 716 244 805 (lige
253 716 351 804 largi,
367 713 496 802 utquid
510 715 636 779 divitias
649 716 813 804 sapienter
827 738 959 805 congre·

169 855 255 926 gatas
275 853 308 900 et
329 836 389 900 tibi
410 835 453 898 ad
472 834 668 899 servandum
691 837 882 900 commissas
910 835 961 900 de·

170 957 244 1021 disti
259 954 435 1046 perniciei?
454 955 507 1021 Ad
526 957 595 1020 haec
612 979 696 1046 puer
709 957 782 1021 visu
804 958 964 1022 interram

170 1075 293 1157 defixo,
308 1075 462 1164 principis
487 1076 574 1139 enim
597 1076 838 1141 vultuositatem
860 1092 965 1166 utpote

169 1198 267 1260 torvis
295 1195 525 1261 inflammatam
557 1196 736 1260 luminibus
766 1198 964 1262 verebatur:

168 1315 325 1396 Domine,
344 1316 372 1378 si
390 1339 470 1403 pace
491 1332 597 1380 vestra
618 1314 694 1379 licet
715 1314 826 1378 dicere
846 1338 913 1379 non
934 1329 966 1378 ut

169 1433 366 1521 quibusdam
378 1434 507 1499 videtur
521 1435 636 1499 stultus
649 1451 740 1522 patre
753 1435 900 1523 sapiente
910 1456 964 1498 vo·

169 1553 220 1616 bis
238 1575 311 1615 sum
325 1553 474 1634 relictus,
492 1570 583 1641 pater
596 1553 718 1616 etenim
731 1576 825 1617 meus
839 1554 965 1617 thesau-

169 1693 243 1732 rum
259 1671 481 1758 congregavit,
505 1687 739 1760 congregatum
766 1671 857 1736 unde
881 1673 965 1736 fures

169 1812 281 1877 rapere
298 1790 424 1878 possint
442 1790 613 1855 collocavit
624 1809 657 1857 et
667 1792 747 1855 mihi
763 1794 819 1856 cui
834 1793 966 1882 possetis

168 1911 295 1976 auferre
323 1913 376 1976 vel
399 1913 483 2001 ignis
514 1914 727 1994 comburere,
755 1913 825 1977 sive
856 1914 965 2001 aliquis

170 2057 262 2098 casus
277 2034 402 2122 eripere
419 2033 560 2120 reliquit
578 2035 649 2121 Ego
659 2055 738 2096 vero
753 2032 909 2098 eumdem
925 2034 967 2097 ibi

170 2154 325 2219 collocavi
340 2155 399 2219 ubi
413 2154 552 2218 fideliter
562 2153 626 2217 sibi
637 2154 818 2218 servabitur
831 2171 865 2220 et
878 2156 970 2220 mihis

169 2276 238 2337 Rex
257 2292 365 2339 autem
384 2274 464 2362 quid
481 2274 557 2338 inde
579 2274 709 2338 fecisset
727 2275 865 2363 rogavit
886 2276 968 2339 Puer

170 2418 247 2457 vero
265 2395 346 2482 quid
360 2413 393 2460 et
407 2396 546 2483 qualiter
558 2395 678 2458 fecerat
693 2395 858 2460 retaxavit.
873 2396 967 2458 Com·

170 2530 261 2599 perta
278 2513 420 2600 denique
441 2515 556 2602 peritia
576 2515 704 2593 juvenis
726 2532 969 2579 remuneratum

169 2632 259 2719 prius
283 2654 358 2694 eum
384 2631 658 2695 circunstantibus
682 2630 839 2714 laudavit,
856 2690 858 2694 ,
873 2632 971 2721 patris

170 2749 337 2835 servitium
366 2750 632 2836 recompensavit.
663 2751 729 2832 Qui
754 2772 794 2812 ex
821 2749 900 2814 inde
919 2751 969 2815 lu·

171 2871 292 2936 crando
312 2892 411 2933 novas
432 2884 465 2931 et
487 2870 623 2949 majores
651 2870 815 2958 prioribus
840 2869 969 2933 divitias

170 2992 349 3080 acquisivit.
370 2992 440 3054 Hoc
458 2989 557 3053 modo
575 2989 665 3076 quod
677 2990 837 3077 pretiosus
855 2990 971 3054 habuit

169 3112 254 3176 filius
276 3111 450 3178 consiliarii
468 3110 583 3198 Regis,
611 3108 644 3170 in
664 3106 763 3171 domo
785 3106 969 3172 delitiarum

170 3234 403 3297 thesaurisavit.
421 3231 550 3296 Auditis
577 3230 784 3294 sermonibus
807 3232 907 3318 patris
931 3230 969 3294 fi-

170 3352 233 3415 lius
258 3355 390 3439 inquit:
415 3353 546 3418 Juvenis
572 3352 631 3416 iste
661 3351 821 3438 sapienter
847 3351 914 3438 egit
939 3367 969 3414 et
