2286 4238
495 346 539 402 9
562 329 582 393 8
604 333 647 390 ε
719 364 721 369 1

217 452 350 531 Enoch,
384 451 596 538 philosophus
624 453 680 538 qui
704 450 813 538 lingua
841 453 969 517 ambico

115 585 121 595 ‘
175 572 422 659 cognominatur
438 570 555 651 Educ,
575 571 654 634 dixit
669 569 737 634 filio
755 594 839 635 suo:
856 572 976 637 Timor,

173 691 305 755 Domini
316 690 534 778 sitnegotiatio
545 707 655 770 tua‚et
662 691 769 754 reniet
777 690 835 754 tibi
842 690 973 755 lucrum

173 811 242 872 sine
257 808 378 871 labore.
396 809 484 872 Dixit
504 807 635 895 quidam
655 809 890 897 philosophus:
905 811 972 893 Qui

173 931 264 992 timet
272 931 378 993 Deum
389 978 398 1011 ,
410 932 518 993 omnia
525 931 640 992 timent
649 952 723 992 euin
731 954 740 1012 ;
749 930 807 1017 qui
815 952 892 994 vero
902 951 971 992 non

173 1050 265 1112 timet
275 1050 473 1137 Deum,ipse
483 1049 574 1112 timet
584 1049 703 1138 omnia.
713 1048 804 1112 Dixit
812 1047 893 1112 alius
902 1049 972 1137 phi-

173 1166 350 1255 losophus:
368 1166 434 1250 Qui
446 1169 537 1231 timet
549 1190 646 1248 eum,
668 1165 773 1254 diligit
793 1189 890 1248 eum;
914 1169 971 1255 qui

173 1288 264 1351 timet
273 1289 399 1368 Deum,
416 1287 529 1352 obedit
541 1289 623 1351 Deo.
634 1286 722 1350 Dixit
731 1287 834 1351 Arabs
851 1288 885 1351 in
902 1311 971 1352 ver·

174 1427 212 1466 su
222 1426 283 1467 suo
294 1426 302 1466 :
315 1402 513 1472 Inobediens
524 1426 557 1466 es
567 1405 638 1467 Deo
648 1404 675 1466 si
682 1403 811 1467 simulas
821 1382 970 1470 te'Deum

173 1547 297 1604 amare,
309 1540 343 1587 et
358 1522 549 1586 incredibile
566 1540 629 1604 est;
646 1524 673 1586 si
693 1547 769 1587 vere
785 1547 862 1588 eum
880 1547 969 1589 ama·

92 1678 94 1685 ·
173 1665 243 1724 res,
255 1637 404 1707 obedires
416 1644 446 1706 ei
461 1667 469 1707 :
483 1667 558 1706 narn
570 1644 626 1730 qui
636 1660 737 1726 amat,
748 1643 870 1709 obedit.
881 1645 970 1709 Dixit

172 1762 318 1826 Socrates
334 1759 499 1849 discipulis
513 1763 601 1825 suis:
619 1761 734 1827 Videte
749 1784 791 1826 ne
811 1763 877 1826 sitis
896 1764 967 1827 Deo

172 1880 359 1944 obedientes
375 1898 408 1944 et
420 1881 642 1952 inobedientes
656 1883 690 1945 in
707 1881 831 1946 eodem.
846 1884 977 1971 Dicunt

172 2000 202 2061 ei
214 2021 221 2062 :
233 2000 376 2063 Enuclea
387 2001 480 2064 nobis
495 1999 575 2087 quid
586 2000 676 2064 dicis.
693 1999 759 2083 Qui
771 2002 815 2065 ait
827 2025 834 2064 :
852 2003 967 2066 Dimit-

168 2119 227 2182 tite
242 2119 461 2205 hypocrisim3
478 2135 527 2181 est
550 2119 637 2181 enim
660 2119 839 2207 hypocrisis
856 2144 966 2185 coram

170 2212 358 2300 hominibus
373 2236 525 2300 simulare
539 2259 573 2299 se
592 2235 727 2302 obedire
744 2239 830 2319 Deo,
855 2240 889 2302 in
910 2263 966 2304 oc·

171 2357 259 2421 culto
282 2381 359 2422 vero
373 2357 613 2424 inobedientem
634 2381 712 2423 esse.
729 2361 816 2423 Dicit
832 2361 862 2423 ei
881 2384 966 2425 unus

172 2498 210 2538 ex
223 2476 388 2563 discipulis
401 2479 465 2542 suis
482 2501 489 2540 :
504 2479 620 2542 Est-ne
639 2477 727 2544 aliud
744 2502 846 2568 genus
865 2482 967 2571 hypo·

173 2594 262 2677 crisis
278 2593 368 2657 unde
387 2595 513 2657 homini
534 2597 717 2661 cavendum
731 2597 790 2663 sit?
804 2599 893 2663 Dicit
907 2601 967 2666 So·

170 2729 298 2776 crates:
317 2714 374 2776 Est
394 2714 493 2776 homo
517 2716 574 2801 qui
605 2717 639 2779 in
664 2735 774 2805 aperto
799 2735 831 2782 et
846 2741 914 2783 non
932 2721 966 2783 in

170 2833 299 2898 occulto
315 2832 452 2897 obedire
466 2857 500 2897 se
517 2837 587 2900 Deo
607 2837 769 2920 ostendit,
785 2856 824 2903 ut
835 2857 964 2905 sanctus

169 2954 210 3018 ab
230 2955 381 3019 omnibus
395 2954 566 3039 habeatur,
580 2975 612 3021 et
621 2958 662 3022 ab
677 2961 721 3023 eis
731 2959 806 3026 ideo
816 2961 890 3049 plus
903 2963 964 3025 ho·

113 3127 115 3129 .
169 3093 312 3142 noretur.
331 3078 388 3140 Est
407 3077 487 3142 alius
506 3079 567 3143 isto
581 3079 730 3145 subtilior
747 3082 803 3168 qui
816 3082 963 3148 hancre-

167 3195 284 3281 linquit
299 3197 497 3285 hypocrisim
515 3217 553 3264 ut
566 3202 680 3281 majori
692 3201 861 3268 deserviat.
882 3206 964 3269 Cum

170 3319 255 3382 enim
274 3321 417 3404 jejunat,
433 3324 485 3390 vel
505 3325 739 3413 eleemosynam
758 3326 848 3411 facit,
866 3343 899 3394 et
921 3329 962 3394 ab
