2286 4238
473 344 645 418 ἔνθα

419 643 621 711 FABULA
646 643 701 710 ΙΙ.

208 946 355 1010 Relatum
375 961 423 1008 est
439 945 520 1007 mihi
536 943 577 1007 de
597 943 728 1007 duobus
752 943 963 1030 negotiatori·

168 1065 229 1127 bus
243 1085 384 1150 quorum
397 1085 483 1126 unus
500 1062 616 1125 eratin
626 1060 785 1149 AEgypto‚
799 1059 879 1123 alter
890 1061 963 1123 Bal·

168 1184 269 1266 dach,
290 1207 390 1271 seque
406 1182 475 1247 solo
498 1183 613 1247 auditu
623 1199 843 1271 cognoverant
855 1199 889 1246 et
907 1204 966 1269 per

168 1304 390 1369 internuncios
408 1326 468 1391 pro
491 1304 554 1366 sibi
573 1302 761 1366 necessariis
784 1302 966 1365 mittebant.

169 1424 312 1511 Contigit
323 1439 431 1485 autem
447 1422 555 1508 utqui
571 1438 639 1484 erat
653 1420 794 1490 Baldach
811 1421 845 1483 in
864 1414 966 1509 nego-

168 1545 336 1608 tiationem
352 1542 414 1604 iret
433 1541 468 1602 in
481 1539 667 1628 AEgyptum.
682 1538 892 1628 AEgyptiacus
907 1562 968 1602 au·

171 1663 239 1726 dito
251 1663 319 1741 ejus
332 1660 491 1742 adventu,
502 1662 646 1724 occurrit
655 1662 686 1723 ei
696 1660 880 1748 etsuscepit
892 1683 970 1723 eum

171 1782 315 1872 gaudens
328 1781 362 1844 in
375 1780 509 1844 domum
521 1803 623 1844 suam.
639 1783 678 1843 In
688 1780 843 1844 omnibus
856 1781 887 1843 ei
899 1800 970 1843 ser·

170 1902 251 1966 vivit
266 1899 351 1964 sicut
366 1922 436 1963 mos
451 1916 500 1963 est
514 1900 693 1962 amicorum
709 1922 769 1987 per
787 1916 862 1963 octo
882 1898 971 1979 dies,

172 2039 205 2086 et
222 2020 364 2085 ostendit
384 2021 414 2083 ei
437 2042 551 2083 omnes
572 2021 731 2082 manerias
754 2036 867 2082 cantus
891 2041 972 2105 quas

172 2143 314 2207 habebat
325 2143 359 2204 in
374 2141 474 2205 domo
488 2164 556 2204 sua.
572 2140 684 2203 Finitis
701 2157 776 2203 octo
792 2138 909 2201 diebus
926 2138 974 2200 in-

173 2261 316 2326 firmatus
330 2278 394 2342 est,
408 2259 498 2347 quod
508 2258 601 2323 valde
614 2258 752 2346 graviter
767 2257 920 2321 dominus
931 2256 974 2321 de

174 2383 278 2444 amico
303 2405 363 2445 suo
390 2383 514 2464 ferens,
543 2380 659 2444 accivit
685 2400 798 2441 omnes
828 2376 974 2442 medicos

175 2499 364 2586 aegyptiacos
382 2517 420 2564 ut
438 2502 580 2565 amicum
592 2499 750 2563 viderent.
763 2497 886 2562 Medici
895 2522 975 2563 vero

174 2617 301 2704 palpato
315 2619 413 2703 pulsu
428 2620 547 2683 iterum
563 2637 596 2682 et
612 2621 731 2682 iterum
746 2635 893 2705 respecta
911 2621 977 2682 uri-

176 2759 234 2817 na,
253 2737 375 2800 nullam
388 2739 422 2801 in
439 2762 478 2801 eo
496 2759 721 2828 cognoverunt
738 2739 975 2822 infirmitatem,

177 2853 308 2941 et'quia
330 2877 388 2942 per
414 2858 499 2920 hanc
524 2859 725 2946 corporalem
751 2877 980 2945 cognoverunt

176 2974 412 3058 infirmitatem,
434 2979 551 3042 amoris
571 2981 679 3043 sciunt
695 3002 764 3043 esse
780 2964 976 3066 passionein.

178 3099 250 3161 Hoc
261 3097 369 3184 agnito
385 3097 537 3164 dominus
554 3103 643 3166 venit
658 3100 699 3164 ad
716 3123 791 3164 eum
810 3116 843 3163 et
858 3101 978 3187 quaesi·

86 3290 89 3294 ι
165 3215 225 3315 ’νὴ
237 3216 264 3277 si
276 3238 339 3300 qua
352 3238 436 3284 esset
447 3222 564 3285 mulier
577 3223 611 3284 in
628 3222 726 3284 domo
741 3244 799 3284 sua
812 3243 909 3306 quam
925 3219 977 3284 di·

178 3333 372 3420 ligeret-Ad
394 3341 458 3404 hoc
479 3365 562 3430 aegcr
583 3366 590 3405 :
614 3340 749 3406 ostende
768 3340 848 3403 mihi
865 3363 979 3404 omncs
