2286 4238
577 365 622 423 θ
644 350 683 413 32
705 360 749 417 ἤ

264 493 300 535 re
320 472 382 534 sibi
399 471 508 559 ignota
521 467 650 533 laudem
664 470 799 557 appetit,
813 469 907 532 illurn
924 471 1065 534 menda·

264 613 335 655 cern
348 589 498 679 probatio
515 588 632 653 reddit.
646 589 738 652 Alius
753 611 762 652 t
778 590 960 677 Aequiesce
977 593 1065 656 veri-

264 707 320 771 tati
332 707 399 770 sive
410 723 468 769 ate
480 705 622 793 prolatae,
633 705 772 769 sive'tibi
782 705 927 785 objectae.
939 706 990 770 Ne
1000 707 1067 797 glo·

263 826 354 888 rieris
377 827 410 887 in
431 825 629 912 sapientibus
651 826 758 889 verbis
777 826 860 907 tuis,
875 825 952 912 quir
965 833 1066 913 prout

262 943 477 1031 philosophus
499 957 649 1024 testatur,
673 944 730 1030 qui
748 943 782 1005 in
797 943 869 1032 suis¹
880 942 991 1007 'verbis
1009 967 1061 1008 sa·

260 1063 425 1150 pientibus
445 1058 618 1151 gloriatur,
643 1062 758 1124 stultus
777 1083 847 1125 esse
863 1064 1059 1150 comproba·

260 1200 323 1247 tur.
342 1185 432 1249 Alius
448 1206 456 1247 :
472 1184 538 1267 Qui
549 1182 729 1273 prudenter
743 1184 908 1271 inquirere
920 1184 1063 1248 voluerit

260 1304 472 1385 solutionem,
489 1304 668 1393 prudenter
682 1302 847 1392 intelliget.
862 1303 976 1367 Alius:
993 1304 1059 1387 Qui

259 1420 351 1484 brevi
372 1439 517 1510 tempore
534 1444 594 1508 pro
615 1420 741 1510 pudore
766 1421 970 1510 disciplinam
991 1444 1058 1484 non

258 1541 395 1627 patitur,
412 1541 502 1602 omni
516 1557 662 1628 tempore
674 1543 709 1604 iu
722 1541 848 1628 pudore
864 1542 1057 1629 insipientiae

259 1661 471 1747 permanebit
491 1661 605 1724 Alius:
630 1662 705 1725 Non
723 1663 829 1726 omnis
851 1663 908 1750 qui
929 1658 1056 1752 sapiens

236 1836 239 1843 .
259 1777 378 1843 dicitur
394 1781 520 1870 sapiens
535 1799 599 1865 est,
622 1781 680 1845 sed
701 1783 759 1869 qui
778 1780 874 1846 discit
889 1800 922 1846 et
938 1786 1058 1848 retinet

257 1902 455 1990 sapientiam.
466 1904 557 1969 Alius
571 1906 658 1988 :Qui
671 1907 705 1968 in
718 1904 776 1970 do(
782 1907 866 1972 trina
881 1906 1054 1990 defecerit,

255 2047 370 2110 parurn
390 2030 586 2114 generositas
602 2051 659 2116 sua
676 2028 706 2091 ei
722 2027 877 2116 proderit.
897 2030 1053 2118 Dogmate

256 2145 379 2236 indiget
392 2149 561 2232 nobilitas,
580 2150 733 2237 sapientia
752 2172 829 2214 vero
845 2150 1051 2239 experientia.
