2286 4238
570 353 613 410 ι
634 339 676 402 60
699 357 741 411 ε

260 459 339 523 cidit
353 475 460 522 autem
476 473 512 522 ut
527 457 679 522 dominus
690 483 780 524 ramo
791 463 892 525 vineae
905 464 939 526 in
957 467 1056 530 oculo

257 600 430 666 percussus
446 577 580 643 domum
592 579 657 643 cito
666 579 803 661 rediret,
816 583 897 645 nihil
906 582 947 647 de
957 588 1056 650 oculo

258 724 412 789 percusso
430 700 560 780 videns,
579 703 777 789 veniensque
791 702 832 768 ad
845 722 971 793 portam
992 708 1053 771 do·

258 845 331 886 mus
348 844 413 885 suae
428 822 546 886 ostium
565 821 712 909 pulsarit.
736 823 834 907 Quod
856 847 937 890 uxor
956 828 1054 891 intel-

257 942 359 1030 ligens
381 944 518 1006 nimium
536 943 722 1030 perturbata
740 932 954 1010 convocatum
971 951 1054 1012 ami·

259 1086 335 1127 eum
351 1063 523 1128 abscondit
534 1086 694 1144 seorsum,
714 1063 849 1129 domino
865 1090 926 1131 suo
942 1086 1055 1156 postea

259 1187 383 1273 aperire
409 1187 528 1265 currit,
552 1187 609 1272 qui
629 1186 750 1250 intrans
774 1203 807 1249 et
830 1189 969 1275 graviter
993 1214 1054 1278 pro

259 1307 355 1370 oculo
371 1306 467 1370 tristis
484 1322 517 1369 et
533 1305 644 1369 dolens
660 1307 756 1385 jussit
771 1295 931 1372 cameram
949 1311 1054 1396 parari

260 1441 293 1488 et
314 1425 433 1489 lectum
460 1427 580 1506 sterni,
606 1443 644 1488 ut
667 1426 715 1489 ibi
741 1443 850 1514 posset
873 1428 1053 1513 quiescere.

217 1631 218 1635 Ἰ
255 1544 388 1640 ,Τίηιιιὶῑ
408 1566 490 1609 uxor
514 1567 555 1607 ne
584 1545 706 1609 intrans
730 1569 890 1611 canteram
912 1551 1055 1612 amicum

260 1664 436 1747 latitantem
461 1663 601 1745 videret,
628 1664 710 1730 dixit
730 1665 761 1728 ei
786 1688 794 1728 ι
818 1666 907 1748 Quid
930 1684 1056 1731 tantum

261 1807 413 1891 properas
429 1784 633 1869 adlectum?
655 1787 716 1849 Die
734 1786 816 1848 mihi
834 1786 913 1872 quid
935 1787 994 1850 tibi
1015 1789 1058 1851 sit

262 1906 363 1993 prius.
391 1905 603 1991 Narravitque
633 1906 664 1967 ei
695 1920 798 1968 toturn
823 1922 861 1968 ut
885 1906 1054 1971 acciderat.

263 2027 429 2107 Permitte,
454 2027 560 2112 inquit
576 2026 646 2107 illa,
665 2026 831 2089 karissime
849 2026 998 2108 domine,
1021 2046 1059 2091 ut

263 2150 397 2214 oculum
409 2172 524 2212 sanum
537 2148 723 2213 medicinali
740 2165 808 2212 arte
821 2149 1010 2212 confirmem
1026 2165 1058 2211 et

264 2270 422 2350 carmine,
436 2292 477 2332 ne
494 2270 537 2333 ita
549 2271 676 2332 eveniat
691 2268 731 2331 de
745 2291 823 2332 sano
839 2284 877 2331 ut
888 2270 967 2334 mihi
980 2291 1057 2331 eve·

264 2393 312 2453 nit
330 2392 396 2470 jam
412 2391 452 2454 de
470 2413 643 2477 percusso,
665 2391 740 2477 quia
766 2390 943 2477 dampnum
963 2405 1055 2450 tuum

265 2532 438 2573 commune
459 2525 508 2598 est
525 2511 630 2573 nobis.
653 2511 829 2597 Apponens
848 2531 998 2571 ossuum
1017 2508 1059 2570 ad

265 2628 397 2692 oculum
407 2651 521 2691 sanum
529 2638 595 2691 ‘tam
608 2629 665 2690 diu
678 2629 758 2690 fovit
769 2649 940 2713 quousque
956 2650 974 2688 a
985 2627 1059 2690 loco

266 2750 325 2813 ubi
339 2764 406 2812 erat
417 2746 625 2811 absconditus
642 2749 780 2826 amicus,
790 2747 861 2809 viro
875 2747 1059 2830 nesciente,

267 2867 421 2933 discessit
438 2865 650 2953 Tandemque
659 2886 696 2928 se
706 2865 834 2953 erigens
848 2884 855 2928 ε
868 2858 989 2945 Modo,
1007 2866 1065 2929 in-

267 2990 356 3077 quit,
378 2986 545 3050 karissime
562 2987 626 3066 vir,
645 2986 690 3049 sis
710 3001 843 3049 securus
855 3005 897 3048 ne
914 2986 1062 3050 similiter

269 3111 309 3175 de
319 3112 383 3174 hoc
392 3109 490 3173 oeulo
504 3109 631 3172 eveniat
638 3106 775 3194 qualiter
784 3105 826 3169 de
833 3106 935 3169 altero
943 3108 1059 3170 evenit.

268 3234 351 3312 Jam,
371 3233 398 3295 si
417 3231 534 3319 placet,
554 3227 701 3318 petes'ad
715 3228 837 3292 ieenrm
848 3226 1065 3292 descendere..

313 3353 407 3414 Tunc
429 3350 607 3437 discipulus
631 3352 676 3413 ait
693 3350 847 3437 magistro
872 3371 879 3412 :
905 3351 990 3425 Bene
1009 3370 1062 3410 me
