<?xml version="1.0" encoding="UTF-8"?>
<!DOCTYPE html PUBLIC "-//W3C//DTD XHTML 1.0 Transitional//EN"
    "http://www.w3.org/TR/xhtml1/DTD/xhtml1-transitional.dtd">
<html xmlns="http://www.w3.org/1999/xhtml" xml:lang="en" lang="en">
 <head>
  <title>
</title>
<meta http-equiv="Content-Type" content="text/html;charset=utf-8" />
  <meta name='ocr-system' content='tesseract 3.04.00' />
  <meta name='ocr-capabilities' content='ocr_page ocr_carea ocr_par ocr_line ocrx_word'/>
</head>
<body>
  <div class='ocr_page' id='page_1' title='image "./disciplinedecle00labogoog_0056.png"; bbox 0 0 2286 4238; ppageno 0'>
   <div class='ocr_carea' id='block_1_1' title="bbox 174 341 975 909">
    <p class='ocr_par' dir='ltr' id='par_1_1' title="bbox 174 341 975 909">
     <span class='ocr_line' id='line_1_1' title="bbox 494 341 668 413; baseline 0.04 -9"><span class='ocrx_word' id='word_1_1' title='bbox 494 358 538 413; x_wconf 55' lang='grc' dir='ltr'>μ</span> <span class='ocrx_word' id='word_1_2' title='bbox 560 341 602 405; x_wconf 86' lang='lat'><strong>26</strong></span> <span class='ocrx_word' id='word_1_3' title='bbox 623 351 668 411; x_wconf 62' lang='grc' dir='ltr'><strong>«Ξ</strong></span> 
     </span>
     <span class='ocr_line' id='line_1_2' title="bbox 176 459 972 550; baseline 0.004 -27"><span class='ocrx_word' id='word_1_4' title='bbox 176 461 315 524; x_wconf 91' lang='lat' dir='ltr'><strong>inimicis</strong></span> <span class='ocrx_word' id='word_1_5' title='bbox 334 461 418 543; x_wconf 84' lang='lat' dir='ltr'><strong>tuis,</strong></span> <span class='ocrx_word' id='word_1_6' title='bbox 436 481 514 524; x_wconf 90' lang='lat' dir='ltr'><strong>cum</strong></span> <span class='ocrx_word' id='word_1_7' title='bbox 527 459 606 524; x_wconf 84' lang='lat' dir='ltr'><strong>alios</strong></span> <span class='ocrx_word' id='word_1_8' title='bbox 622 459 725 550; x_wconf 89' lang='lat' dir='ltr'><strong>possis</strong></span> <span class='ocrx_word' id='word_1_9' title='bbox 738 461 904 548; x_wconf 79' lang='lat' dir='ltr'><strong>repperire</strong></span> <span class='ocrx_word' id='word_1_10' title='bbox 917 485 972 526; x_wconf 92' lang='lat' dir='ltr'><strong>so·</strong></span> 
     </span>
     <span class='ocr_line' id='line_1_3' title="bbox 178 587 975 678; baseline 0.003 -26"><span class='ocrx_word' id='word_1_11' title='bbox 178 588 244 652; x_wconf 88' lang='lat' dir='ltr'><strong>cios</strong></span> <span class='ocrx_word' id='word_1_12' title='bbox 260 611 268 651; x_wconf 91' lang='lat'><strong>:</strong></span> <span class='ocrx_word' id='word_1_13' title='bbox 287 610 358 675; x_wconf 84' lang='lat' dir='ltr'><strong>quae</strong></span> <span class='ocrx_word' id='word_1_14' title='bbox 375 587 461 650; x_wconf 91' lang='lat' dir='ltr'><strong>enim</strong></span> <span class='ocrx_word' id='word_1_15' title='bbox 481 587 564 650; x_wconf 89' lang='lat' dir='ltr'><strong>male</strong></span> <span class='ocrx_word' id='word_1_16' title='bbox 581 587 690 676; x_wconf 82' lang='lat' dir='ltr'><strong>egeris¹</strong></span> <span class='ocrx_word' id='word_1_17' title='bbox 702 588 879 671; x_wconf 82' lang='lat' dir='ltr'><strong>notabrmt,</strong></span> <span class='ocrx_word' id='word_1_18' title='bbox 902 613 975 678; x_wconf 85' lang='lat' dir='ltr'><strong>quae</strong></span> 
     </span>
     <span class='ocr_line' id='line_1_4' title="bbox 176 705 973 795; baseline 0.003 -23"><span class='ocrx_word' id='word_1_19' title='bbox 176 730 254 773; x_wconf 89' lang='lat' dir='ltr'><strong>vero</strong></span> <span class='ocrx_word' id='word_1_20' title='bbox 272 710 359 772; x_wconf 88' lang='lat' dir='ltr'><strong>bona</strong></span> <span class='ocrx_word' id='word_1_21' title='bbox 376 708 498 770; x_wconf 84' lang='lat' dir='ltr'><strong>fuerint</strong></span> <span class='ocrx_word' id='word_1_22' title='bbox 515 705 714 770; x_wconf 88' lang='lat' dir='ltr'><strong>devitabunt.</strong></span> <span class='ocrx_word' id='word_1_23' title='bbox 735 708 824 772; x_wconf 85' lang='lat' dir='ltr'><strong>Dixit</strong></span> <span class='ocrx_word' id='word_1_24' title='bbox 839 708 973 795; x_wconf 89' lang='lat' dir='ltr'><strong>quidam</strong></span> 
     </span>
     <span class='ocr_line' id='line_1_5' title="bbox 174 823 972 909; baseline 0.003 -18"><span class='ocrx_word' id='word_1_25' title='bbox 174 825 373 891; x_wconf 83' lang='lat' dir='ltr'><strong>versificator</strong></span> <span class='ocrx_word' id='word_1_26' title='bbox 384 848 392 889; x_wconf 73' lang='grc' dir='ltr'><em>τ</em></span> <span class='ocrx_word' id='word_1_27' title='bbox 404 826 462 889; x_wconf 86' lang='lat' dir='ltr'><strong>Est</strong></span> <span class='ocrx_word' id='word_1_28' title='bbox 473 849 537 888; x_wconf 90' lang='lat' dir='ltr'><strong>una</strong></span> <span class='ocrx_word' id='word_1_29' title='bbox 552 824 593 888; x_wconf 88' lang='lat' dir='ltr'><strong>de</strong></span> <span class='ocrx_word' id='word_1_30' title='bbox 612 823 859 890; x_wconf 81' lang='lat' dir='ltr'><strong>adversitatibus</strong></span> <span class='ocrx_word' id='word_1_31' title='bbox 874 828 972 909; x_wconf 89' lang='lat' dir='ltr'><strong>hujus</strong></span> 
     </span>
    </p>
   </div>
   <div class='ocr_carea' id='block_1_2' title="bbox 175 945 973 1047">
    <p class='ocr_par' dir='ltr' id='par_1_2' title="bbox 175 945 973 1047">
     <span class='ocr_line' id='line_1_6' title="bbox 175 945 973 1047; baseline 0.003 -38"><span class='ocrx_word' id='word_1_32' title='bbox 175 946 287 1047; x_wconf 78' lang='lat' dir='ltr'><strong>soecpli</strong></span> <span class='ocrx_word' id='word_1_33' title='bbox 297 946 498 1035; x_wconf 82' lang='lat' dir='ltr'><strong>gravioribus</strong></span> <span class='ocrx_word' id='word_1_34' title='bbox 508 945 613 1008; x_wconf 90' lang='lat' dir='ltr'><strong>libero</strong></span> <span class='ocrx_word' id='word_1_35' title='bbox 623 945 751 1009; x_wconf 90' lang='lat' dir='ltr'><strong>homini</strong></span> <span class='ocrx_word' id='word_1_36' title='bbox 760 945 849 1032; x_wconf 91' lang='lat' dir='ltr'><strong>quod</strong></span> <span class='ocrx_word' id='word_1_37' title='bbox 863 970 973 1011; x_wconf 86' lang='lat' dir='ltr'><strong>neces·</strong></span> 
     </span>
    </p>
   </div>
   <div class='ocr_carea' id='block_1_3' title="bbox 168 1064 973 3173">
    <p class='ocr_par' dir='ltr' id='par_1_3' title="bbox 168 1064 973 3173">
     <span class='ocr_line' id='line_1_7' title="bbox 174 1064 971 1154; baseline 0 -24"><span class='ocrx_word' id='word_1_38' title='bbox 174 1068 265 1131; x_wconf 87' lang='lat' dir='ltr'><strong>sitate</strong></span> <span class='ocrx_word' id='word_1_39' title='bbox 277 1066 405 1154; x_wconf 85' lang='lat' dir='ltr'><strong>cogitur</strong></span> <span class='ocrx_word' id='word_1_40' title='bbox 418 1083 455 1128; x_wconf 88' lang='lat' dir='ltr'><strong>ut</strong></span> <span class='ocrx_word' id='word_1_41' title='bbox 465 1066 528 1128; x_wconf 91' lang='lat' dir='ltr'><strong>sibi</strong></span> <span class='ocrx_word' id='word_1_42' title='bbox 541 1064 713 1128; x_wconf 91' lang='lat' dir='ltr'><strong>subveniat</strong></span> <span class='ocrx_word' id='word_1_43' title='bbox 724 1066 897 1152; x_wconf 86' lang='lat' dir='ltr'><strong>requirere</strong></span> <span class='ocrx_word' id='word_1_44' title='bbox 907 1067 971 1130; x_wconf 90' lang='lat' dir='ltr'><strong>ini·</strong></span> 
     </span>
     <span class='ocr_line' id='line_1_8' title="bbox 174 1183 972 1272; baseline 0 -22"><span class='ocrx_word' id='word_1_45' title='bbox 174 1188 307 1251; x_wconf 89' lang='lat' dir='ltr'><strong>micum.</strong></span> <span class='ocrx_word' id='word_1_46' title='bbox 330 1187 486 1269; x_wconf 85' lang='lat' dir='ltr'><strong>Quaesivit</strong></span> <span class='ocrx_word' id='word_1_47' title='bbox 504 1184 637 1272; x_wconf 92' lang='lat' dir='ltr'><strong>quidam</strong></span> <span class='ocrx_word' id='word_1_48' title='bbox 657 1208 675 1246; x_wconf 92' lang='lat' dir='ltr'><strong>a</strong></span> <span class='ocrx_word' id='word_1_49' title='bbox 698 1183 841 1270; x_wconf 90' lang='lat' dir='ltr'><strong>quodam</strong></span> <span class='ocrx_word' id='word_1_50' title='bbox 862 1188 972 1250; x_wconf 85' lang='lat' dir='ltr'><strong>Arabe</strong></span> 
     </span>
     <span class='ocr_line' id='line_1_9' title="bbox 174 1305 972 1396; baseline 0 -25"><span class='ocrx_word' id='word_1_51' title='bbox 174 1330 246 1396; x_wconf 78' lang='lat' dir='ltr'><strong>quae</strong></span> <span class='ocrx_word' id='word_1_52' title='bbox 277 1309 379 1387; x_wconf 83' lang='lat' dir='ltr'><strong>major</strong></span> <span class='ocrx_word' id='word_1_53' title='bbox 404 1305 578 1370; x_wconf 78' lang='lat' dir='ltr'><strong>adversitas</strong></span> <span class='ocrx_word' id='word_1_54' title='bbox 604 1307 740 1394; x_wconf 81' lang='lat' dir='ltr'><strong>contigit</strong></span> <span class='ocrx_word' id='word_1_55' title='bbox 760 1307 820 1370; x_wconf 85' lang='lat' dir='ltr'><strong>tibi</strong></span> <span class='ocrx_word' id='word_1_56' title='bbox 846 1308 881 1370; x_wconf 91' lang='lat' dir='ltr'><strong>iu</strong></span> <span class='ocrx_word' id='word_1_57' title='bbox 907 1307 972 1371; x_wconf 87' lang='lat' dir='ltr'><strong>hoe</strong></span> 
     </span>
     <span class='ocr_line' id='line_1_10' title="bbox 174 1427 972 1515; baseline 0.004 -24"><span class='ocrx_word' id='word_1_58' title='bbox 174 1427 322 1492; x_wconf 82' lang='lat' dir='ltr'><strong>soeoulo?</strong></span> <span class='ocrx_word' id='word_1_59' title='bbox 354 1427 458 1490; x_wconf 86' lang='lat' dir='ltr'><strong>Arabs</strong></span> <span class='ocrx_word' id='word_1_60' title='bbox 487 1450 495 1488; x_wconf 92' lang='lat'><strong>:</strong></span> <span class='ocrx_word' id='word_1_61' title='bbox 525 1428 707 1490; x_wconf 84' lang='lat' dir='ltr'><strong>Necessitas</strong></span> <span class='ocrx_word' id='word_1_62' title='bbox 734 1428 892 1515; x_wconf 89' lang='lat' dir='ltr'><strong>compulit</strong></span> <span class='ocrx_word' id='word_1_63' title='bbox 919 1453 972 1495; x_wconf 93' lang='lat' dir='ltr'><strong>me</strong></span> 
     </span>
     <span class='ocr_line' id='line_1_11' title="bbox 174 1543 973 1632; baseline 0.003 -21"><span class='ocrx_word' id='word_1_64' title='bbox 174 1547 349 1612; x_wconf 89' lang='lat' dir='ltr'><strong>convenire</strong></span> <span class='ocrx_word' id='word_1_65' title='bbox 373 1546 542 1608; x_wconf 90' lang='lat' dir='ltr'><strong>inimicum</strong></span> <span class='ocrx_word' id='word_1_66' title='bbox 560 1563 599 1609; x_wconf 93' lang='lat' dir='ltr'><strong>ut</strong></span> <span class='ocrx_word' id='word_1_67' title='bbox 620 1569 693 1632; x_wconf 86' lang='lat' dir='ltr'><strong>quae</strong></span> <span class='ocrx_word' id='word_1_68' title='bbox 715 1543 866 1610; x_wconf 85' lang='lat' dir='ltr'><strong>volebam</strong></span> <span class='ocrx_word' id='word_1_69' title='bbox 889 1550 973 1613; x_wconf 91' lang='lat' dir='ltr'><strong>mihi</strong></span> 
     </span>
     <span class='ocr_line' id='line_1_12' title="bbox 174 1664 970 1750; baseline 0 -20"><span class='ocrx_word' id='word_1_70' title='bbox 174 1665 378 1730; x_wconf 87' lang='lat' dir='ltr'><strong>concederet.</strong></span> <span class='ocrx_word' id='word_1_71' title='bbox 395 1664 488 1728; x_wconf 85' lang='lat' dir='ltr'><strong>Alius</strong></span> <span class='ocrx_word' id='word_1_72' title='bbox 505 1688 512 1727; x_wconf 94' lang='lat'>:</span> <span class='ocrx_word' id='word_1_73' title='bbox 533 1665 583 1727; x_wconf 93' lang='lat' dir='ltr'><strong>Ne</strong></span> <span class='ocrx_word' id='word_1_74' title='bbox 598 1680 629 1728; x_wconf 91' lang='lat' dir='ltr'><strong>te</strong></span> <span class='ocrx_word' id='word_1_75' title='bbox 643 1666 782 1729; x_wconf 86' lang='lat' dir='ltr'><strong>associes</strong></span> <span class='ocrx_word' id='word_1_76' title='bbox 800 1665 970 1750; x_wconf 77' lang='lat' dir='ltr'><strong>leccatori,</strong></span> 
     </span>
     <span class='ocr_line' id='line_1_13' title="bbox 174 1782 972 1866; baseline 0 -15"><span class='ocrx_word' id='word_1_77' title='bbox 174 1787 225 1866; x_wconf 86' lang='lat' dir='ltr'><strong>cuj</strong></span> <span class='ocrx_word' id='word_1_78' title='bbox 231 1809 267 1851; x_wconf 91' lang='lat' dir='ltr'><strong>us</strong></span> <span class='ocrx_word' id='word_1_79' title='bbox 281 1785 481 1848; x_wconf 89' lang='lat' dir='ltr'><strong>consortium</strong></span> <span class='ocrx_word' id='word_1_80' title='bbox 494 1783 612 1847; x_wconf 90' lang='lat' dir='ltr'><strong>esttibi</strong></span> <span class='ocrx_word' id='word_1_81' title='bbox 626 1782 780 1848; x_wconf 89' lang='lat' dir='ltr'><strong>dedecus.</strong></span> <span class='ocrx_word' id='word_1_82' title='bbox 794 1785 907 1851; x_wconf 85' lang='lat' dir='ltr'><strong>Alius:</strong></span> <span class='ocrx_word' id='word_1_83' title='bbox 920 1787 972 1851; x_wconf 88' lang='lat' dir='ltr'><strong>Ne</strong></span> 
     </span>
     <span class='ocr_line' id='line_1_14' title="bbox 173 1902 973 1996; baseline 0.003 -28"><span class='ocrx_word' id='word_1_84' title='bbox 173 1905 318 1996; x_wconf 82' lang='lat' dir='ltr'><strong>glorieris</strong></span> <span class='ocrx_word' id='word_1_85' title='bbox 344 1905 377 1966; x_wconf 91' lang='lat' dir='ltr'><strong>in</strong></span> <span class='ocrx_word' id='word_1_86' title='bbox 395 1902 491 1966; x_wconf 90' lang='lat' dir='ltr'><strong>laude</strong></span> <span class='ocrx_word' id='word_1_87' title='bbox 508 1903 696 1985; x_wconf 86' lang='lat' dir='ltr'><strong>leccatoris,</strong></span> <span class='ocrx_word' id='word_1_88' title='bbox 723 1905 815 1983; x_wconf 89' lang='lat' dir='ltr'><strong>cujus</strong></span> <span class='ocrx_word' id='word_1_89' title='bbox 832 1906 901 1969; x_wconf 87' lang='lat' dir='ltr'><strong>laus</strong></span> <span class='ocrx_word' id='word_1_90' title='bbox 924 1925 973 1970; x_wconf 88' lang='lat' dir='ltr'><strong>est</strong></span> 
     </span>
     <span class='ocr_line' id='line_1_15' title="bbox 172 2011 969 2111; baseline 0.001 -23"><span class='ocrx_word' id='word_1_91' title='bbox 172 2025 234 2088; x_wconf 91' lang='lat' dir='ltr'><strong>tibi</strong></span> <span class='ocrx_word' id='word_1_92' title='bbox 246 2022 459 2111; x_wconf 83' lang='lat' dir='ltr'><strong>vituperium,</strong></span> <span class='ocrx_word' id='word_1_93' title='bbox 476 2038 508 2084; x_wconf 90' lang='lat' dir='ltr'><strong>et</strong></span> <span class='ocrx_word' id='word_1_94' title='bbox 520 2011 719 2107; x_wconf 83' lang='lat' dir='ltr'><strong>vituperium</strong></span> <span class='ocrx_word' id='word_1_95' title='bbox 730 2021 810 2085; x_wconf 83' lang='lat' dir='ltr'><strong>laus.</strong></span> <span class='ocrx_word' id='word_1_96' title='bbox 825 2023 969 2106; x_wconf 90' lang='lat' dir='ltr'><strong>Quidam</strong></span> 
     </span>
     <span class='ocr_line' id='line_1_16' title="bbox 171 2142 968 2233; baseline -0.016 -24"><span class='ocrx_word' id='word_1_97' title='bbox 171 2143 385 2233; x_wconf 88' lang='lat' dir='ltr'><strong>philosophus</strong></span> <span class='ocrx_word' id='word_1_98' title='bbox 401 2142 559 2204; x_wconf 89' lang='lat' dir='ltr'><strong>transiens</strong></span> <span class='ocrx_word' id='word_1_99' title='bbox 575 2142 757 2228; x_wconf 86' lang='lat' dir='ltr'><strong>perviam,</strong></span> <span class='ocrx_word' id='word_1_100' title='bbox 777 2142 876 2207; x_wconf 87' lang='lat' dir='ltr'><strong>alium</strong></span> <span class='ocrx_word' id='word_1_101' title='bbox 891 2146 968 2233; x_wconf 70' lang='lat' dir='ltr'><strong>phj.</strong></span> 
     </span>
     <span class='ocr_line' id='line_1_17' title="bbox 170 2260 969 2354; baseline -0.001 -23"><span class='ocrx_word' id='word_1_102' title='bbox 170 2266 345 2354; x_wconf 90' lang='lat' dir='ltr'><strong>losophum</strong></span> <span class='ocrx_word' id='word_1_103' title='bbox 371 2264 515 2353; x_wconf 87' lang='lat' dir='ltr'><strong>repperit</strong></span> <span class='ocrx_word' id='word_1_104' title='bbox 540 2284 615 2323; x_wconf 92' lang='lat' dir='ltr'><strong>cum</strong></span> <span class='ocrx_word' id='word_1_105' title='bbox 642 2260 785 2347; x_wconf 93' lang='lat' dir='ltr'><strong>quodam</strong></span> <span class='ocrx_word' id='word_1_106' title='bbox 807 2263 969 2330; x_wconf 90' lang='lat' dir='ltr'><strong>leccatore</strong></span> 
     </span>
     <span class='ocr_line' id='line_1_18' title="bbox 169 2379 967 2464; baseline -0.003 -15"><span class='ocrx_word' id='word_1_107' title='bbox 169 2386 349 2464; x_wconf 89' lang='lat' dir='ltr'><strong>jocantem,</strong></span> <span class='ocrx_word' id='word_1_108' title='bbox 366 2398 398 2445; x_wconf 91' lang='lat' dir='ltr'><strong>et</strong></span> <span class='ocrx_word' id='word_1_109' title='bbox 414 2383 480 2444; x_wconf 88' lang='lat' dir='ltr'><strong>ait:</strong></span> <span class='ocrx_word' id='word_1_110' title='bbox 501 2379 570 2444; x_wconf 92' lang='lat' dir='ltr'><strong>Sibi</strong></span> <span class='ocrx_word' id='word_1_111' title='bbox 588 2379 692 2443; x_wconf 88' lang='lat' dir='ltr'><strong>simile</strong></span> <span class='ocrx_word' id='word_1_112' title='bbox 710 2381 869 2445; x_wconf 88' lang='lat' dir='ltr'><strong>attrahere</strong></span> <span class='ocrx_word' id='word_1_113' title='bbox 889 2382 967 2447; x_wconf 88' lang='lat' dir='ltr'><strong>ada·</strong></span> 
     </span>
     <span class='ocr_line' id='line_1_19' title="bbox 173 2501 968 2588; baseline -0.001 -19"><span class='ocrx_word' id='word_1_114' title='bbox 173 2506 288 2569; x_wconf 91' lang='lat' dir='ltr'><strong>mantis</strong></span> <span class='ocrx_word' id='word_1_115' title='bbox 301 2520 358 2567; x_wconf 89' lang='lat' dir='ltr'><strong>est.</strong></span> <span class='ocrx_word' id='word_1_116' title='bbox 371 2505 414 2566; x_wconf 92' lang='lat' dir='ltr'><strong>At</strong></span> <span class='ocrx_word' id='word_1_117' title='bbox 426 2503 480 2565; x_wconf 92' lang='lat' dir='ltr'><strong>ille</strong></span> <span class='ocrx_word' id='word_1_118' title='bbox 494 2503 620 2587; x_wconf 88' lang='lat' dir='ltr'><strong>inquit:</strong></span> <span class='ocrx_word' id='word_1_119' title='bbox 636 2501 823 2588; x_wconf 84' lang='lat' dir='ltr'><strong>Numquam</strong></span> <span class='ocrx_word' id='word_1_120' title='bbox 838 2526 890 2566; x_wconf 92' lang='lat' dir='ltr'><strong>me</strong></span> <span class='ocrx_word' id='word_1_121' title='bbox 905 2505 968 2568; x_wconf 92' lang='lat' dir='ltr'><strong>sibi</strong></span> 
     </span>
     <span class='ocr_line' id='line_1_20' title="bbox 172 2621 965 2711; baseline -0.004 -22"><span class='ocrx_word' id='word_1_122' title='bbox 172 2624 315 2704; x_wconf 81' lang='lat' dir='ltr'><strong>adjunxi.</strong></span> <span class='ocrx_word' id='word_1_123' title='bbox 334 2621 386 2685; x_wconf 95' lang='lat' dir='ltr'><strong>Ad</strong></span> <span class='ocrx_word' id='word_1_124' title='bbox 402 2623 466 2685; x_wconf 91' lang='lat' dir='ltr'><strong>hoc</strong></span> <span class='ocrx_word' id='word_1_125' title='bbox 483 2621 640 2683; x_wconf 86' lang='lat' dir='ltr'><strong>transiens</strong></span> <span class='ocrx_word' id='word_1_126' title='bbox 657 2643 664 2684; x_wconf 93' lang='lat'>:</span> <span class='ocrx_word' id='word_1_127' title='bbox 681 2622 749 2684; x_wconf 91' lang='lat' dir='ltr'><strong>Cur</strong></span> <span class='ocrx_word' id='word_1_128' title='bbox 765 2645 842 2710; x_wconf 86' lang='lat' dir='ltr'><strong>ergo</strong></span> <span class='ocrx_word' id='word_1_129' title='bbox 853 2624 890 2697; x_wconf 82' lang='lat' dir='ltr'><strong>ei</strong></span> <span class='ocrx_word' id='word_1_130' title='bbox 908 2647 965 2711; x_wconf 89' lang='lat' dir='ltr'><strong>ap-</strong></span> 
     </span>
     <span class='ocr_line' id='line_1_21' title="bbox 170 2741 967 2835; baseline -0.003 -27"><span class='ocrx_word' id='word_1_131' title='bbox 170 2741 370 2835; x_wconf 75' lang='lat' dir='ltr'><strong>plaudebas?</strong></span> <span class='ocrx_word' id='word_1_132' title='bbox 386 2743 430 2804; x_wconf 81' lang='lat' dir='ltr'><strong>At</strong></span> <span class='ocrx_word' id='word_1_133' title='bbox 447 2741 501 2802; x_wconf 94' lang='lat' dir='ltr'><strong>ille</strong></span> <span class='ocrx_word' id='word_1_134' title='bbox 517 2742 646 2827; x_wconf 88' lang='lat' dir='ltr'><strong>inquit:</strong></span> <span class='ocrx_word' id='word_1_135' title='bbox 663 2742 759 2823; x_wconf 89' lang='lat' dir='ltr'><strong>Non,</strong></span> <span class='ocrx_word' id='word_1_136' title='bbox 777 2741 835 2805; x_wconf 91' lang='lat' dir='ltr'><strong>sed</strong></span> <span class='ocrx_word' id='word_1_137' title='bbox 852 2766 967 2831; x_wconf 81' lang='lat' dir='ltr'><strong>magna</strong></span> 
     </span>
     <span class='ocr_line' id='line_1_22' title="bbox 170 2861 964 2950; baseline -0.008 -18"><span class='ocrx_word' id='word_1_138' title='bbox 170 2865 359 2933; x_wconf 87' lang='lat' dir='ltr'><strong>necessitate</strong></span> <span class='ocrx_word' id='word_1_139' title='bbox 375 2863 502 2950; x_wconf 85' lang='lat' dir='ltr'><strong>cogitur</strong></span> <span class='ocrx_word' id='word_1_140' title='bbox 521 2863 617 2924; x_wconf 87' lang='lat' dir='ltr'><strong>etiam</strong></span> <span class='ocrx_word' id='word_1_141' title='bbox 633 2861 788 2925; x_wconf 89' lang='lat' dir='ltr'><strong>honestus</strong></span> <span class='ocrx_word' id='word_1_142' title='bbox 802 2863 904 2926; x_wconf 91' lang='lat' dir='ltr'><strong>homo</strong></span> <span class='ocrx_word' id='word_1_143' title='bbox 917 2863 964 2926; x_wconf 95' lang='lat' dir='ltr'><strong>la·</strong></span> 
     </span>
     <span class='ocr_line' id='line_1_23' title="bbox 168 2969 965 3070; baseline -0.009 -18"><span class='ocrx_word' id='word_1_144' title='bbox 168 2989 286 3052; x_wconf 88' lang='lat' dir='ltr'><strong>trinam</strong></span> <span class='ocrx_word' id='word_1_145' title='bbox 300 2982 399 3047; x_wconf 86' lang='lat' dir='ltr'><strong>adire.</strong></span> <span class='ocrx_word' id='word_1_146' title='bbox 413 2981 505 3044; x_wconf 90' lang='lat' dir='ltr'><strong>Alius</strong></span> <span class='ocrx_word' id='word_1_147' title='bbox 521 2981 756 3069; x_wconf 88' lang='lat' dir='ltr'><strong>philosophus:</strong></span> <span class='ocrx_word' id='word_1_148' title='bbox 772 2981 852 3061; x_wconf 90' lang='lat' dir='ltr'><strong>Fili,</strong></span> <span class='ocrx_word' id='word_1_149' title='bbox 870 2969 965 3070; x_wconf 77' lang='lat' dir='ltr'><strong>grave</strong></span> 
     </span>
     <span class='ocr_line' id='line_1_24' title="bbox 171 3100 965 3173; baseline -0.011 0"><span class='ocrx_word' id='word_1_150' title='bbox 171 3126 218 3173; x_wconf 91' lang='lat' dir='ltr'><strong>est</strong></span> <span class='ocrx_word' id='word_1_151' title='bbox 231 3107 347 3172; x_wconf 84' lang='lat' dir='ltr'><strong>arduas</strong></span> <span class='ocrx_word' id='word_1_152' title='bbox 363 3103 544 3167; x_wconf 87' lang='lat' dir='ltr'><strong>mentiones</strong></span> <span class='ocrx_word' id='word_1_153' title='bbox 556 3100 730 3165; x_wconf 87' lang='lat' dir='ltr'><strong>ascendere</strong></span> <span class='ocrx_word' id='word_1_154' title='bbox 745 3118 776 3164; x_wconf 91' lang='lat' dir='ltr'><strong>et</strong></span> <span class='ocrx_word' id='word_1_155' title='bbox 787 3102 828 3164; x_wconf 90' lang='lat' dir='ltr'><strong>ab</strong></span> <span class='ocrx_word' id='word_1_156' title='bbox 841 3101 965 3165; x_wconf 90' lang='lat' dir='ltr'><strong>eisdem</strong></span> 
     </span>
    </p>
   </div>
   <div class='ocr_carea' id='block_1_4' title="bbox 169 3221 963 3308">
    <p class='ocr_par' dir='ltr' id='par_1_4' title="bbox 169 3221 963 3308">
     <span class='ocr_line' id='line_1_25' title="bbox 169 3221 963 3308; baseline -0.006 -18"><span class='ocrx_word' id='word_1_157' title='bbox 169 3224 365 3292; x_wconf 90' lang='lat' dir='ltr'><strong>descendere</strong></span> <span class='ocrx_word' id='word_1_158' title='bbox 388 3222 491 3286; x_wconf 89' lang='lat' dir='ltr'><strong>facile.</strong></span> <span class='ocrx_word' id='word_1_159' title='bbox 509 3221 600 3283; x_wconf 92' lang='lat' dir='ltr'><strong>Alius</strong></span> <span class='ocrx_word' id='word_1_160' title='bbox 622 3221 835 3308; x_wconf 90' lang='lat' dir='ltr'><strong>philosophus</strong></span> <span class='ocrx_word' id='word_1_161' title='bbox 858 3244 866 3284; x_wconf 75' lang='grc' dir='ltr'><em>τ</em></span> <span class='ocrx_word' id='word_1_162' title='bbox 891 3222 963 3285; x_wconf 89' lang='lat' dir='ltr'><strong>Me·</strong></span> 
     </span>
    </p>
   </div>
   <div class='ocr_carea' id='block_1_5' title="bbox 167 3343 964 3431">
    <p class='ocr_par' dir='ltr' id='par_1_5' title="bbox 167 3343 964 3431">
     <span class='ocr_line' id='line_1_26' title="bbox 167 3343 964 3431; baseline 0 -22"><span class='ocrx_word' id='word_1_163' title='bbox 167 3348 228 3412; x_wconf 88' lang='lat' dir='ltr'><strong>lior</strong></span> <span class='ocrx_word' id='word_1_164' title='bbox 253 3365 301 3411; x_wconf 89' lang='lat' dir='ltr'><strong>est</strong></span> <span class='ocrx_word' id='word_1_165' title='bbox 327 3345 498 3409; x_wconf 90' lang='lat' dir='ltr'><strong>inimicitia</strong></span> <span class='ocrx_word' id='word_1_166' title='bbox 523 3343 673 3431; x_wconf 88' lang='lat' dir='ltr'><strong>sapientis</strong></span> <span class='ocrx_word' id='word_1_167' title='bbox 698 3365 796 3431; x_wconf 87' lang='lat' dir='ltr'><strong>quam</strong></span> <span class='ocrx_word' id='word_1_168' title='bbox 824 3345 964 3409; x_wconf 87' lang='lat' dir='ltr'><strong>amicitia</strong></span> 
     </span>
    </p>
   </div>
   <div class='ocr_carea' id='block_1_6' title="bbox 0 0 1148 4238">
    <p class='ocr_par' dir='ltr' id='par_1_6' title="bbox 0 0 1148 4238">
     <span class='ocr_line' id='line_1_27' title="bbox 0 0 1148 4238; baseline 0 2"><span class='ocrx_word' id='word_1_169' title='bbox 0 0 1148 4238; x_wconf 95' lang='lat' dir='ltr'><strong> </strong></span> 
     </span>
    </p>
   </div>
  </div>
 </body>
</html>
