2286 4238
576 368 620 427 D·
647 376 706 418 tro
727 372 771 429 4

272 490 453 561 serpentem
480 478 561 539 mihi
586 478 698 541 deesse
723 478 841 541 sciatis.
871 478 946 541 Hoc
972 502 1074 567 prava

273 597 450 659 intentione
460 596 589 661 dicebat
600 615 635 662 ut
652 600 787 687 pauperi
803 598 933 661 homini
947 600 1073 666 talenta

272 740 336 779 non
353 716 505 782 redderet
518 719 693 807 promissa;
708 742 832 808 pauper
846 741 928 783 vero
941 742 980 783 se
992 721 1077 785 nihil

270 837 405 924 amplius
421 837 581 901 invenisse
597 838 736 903 (licebat.
754 840 799 903 At
812 839 966 903 homines
989 841 1074 904 eivi-

269 959 339 1021 tatis
359 958 444 1021 illius
457 957 549 1021 diviti
564 960 706 1023 faventes
723 960 859 1048 pauperi
870 959 1073 1048 derogantes

269 1077 466 1140 inexorabile
484 1094 595 1140 contra
610 1079 772 1142 fortunam
785 1078 941 1166 pauperis
951 1077 1073 1143 odium

269 1212 432 1284 gerentes,
453 1195 542 1259 illum
561 1195 602 1259 ad
621 1197 777 1276 justitiam
793 1214 1071 1284 provocaverunt.

270 1317 396 1404 Pauper
407 1334 531 1397 nutem,
551 1334 695 1404 utsupra
712 1317 915 1397 dictumest,
934 1339 971 1379 se
988 1317 1074 1381 nihil

269 1435 407 1522 amplius
428 1437 586 1499 invenisse
609 1435 747 1499 dicebat
772 1433 836 1499 Sed
856 1434 937 1497 dum
959 1458 1071 1499 sermo

269 1553 406 1632 hujusce
419 1553 509 1616 modi
522 1576 702 1641 pauperum
716 1554 920 1639 divitumque
935 1576 997 1641 per
1014 1576 1072 1618 ore

269 1672 623 1736 discurreretministris
634 1674 849 1737 referentibus
858 1672 993 1737 tandem
1001 1696 1072 1762 per·

269 1793 369 1856 cussit
382 1815 438 1855 ora
450 1793 556 1881 Regis.
572 1794 671 1875 Quod
685 1795 782 1858 simul
794 1791 919 1856 audivit
929 1792 1070 1858 divitem

267 1928 300 1975 et
306 1934 482 2000 pauperem
492 1928 524 1975 et
531 1913 704 2001 pecuniam
713 1911 971 1999 sibipraesentari
980 1935 1068 2000 prte-

266 2032 1071 2119 cepit.Adductisomnihus,Philosophumseilieet

264 2153 420 2216 auxilium
443 2153 636 2215 miserorum
664 2174 739 2214 curn
767 2151 835 2214 aliis
860 2151 1067 2237 sapientibus

264 2272 305 2335 ad
321 2296 355 2336 se
379 2275 523 2354 vocavit,
547 2272 659 2357 eisque
681 2271 876 2335 accusatoris
891 2292 1012 2334 vocem
1035 2288 1070 2336 et

265 2394 404 2455 accusati
423 2392 536 2456 audire
558 2409 590 2455 et
613 2390 754 2454 enodare
771 2389 934 2477 praecepit.
956 2390 1069 2455 Philo·

264 2512 386 2597 sophus
401 2512 470 2574 haec
484 2511 639 2592 audiens,
655 2525 837 2574 commotus
850 2509 970 2596 pietate
981 2532 1069 2598 pau·

264 2632 349 2718 peris
361 2631 423 2693 ait:
440 2633 623 2696 Auxiliante
633 2635 703 2696 Deo
713 2649 744 2695 te
754 2633 892 2696 liberare
902 2632 1065 2697 conabor.

263 2749 315 2814 Ad
325 2751 390 2813 hoo
403 2774 525 2839 pauper
535 2775 542 2815 :
554 2753 621 2815 Scit
629 2755 717 2816 Deus
727 2753 804 2839 quia
817 2750 948 2814 reddidi
957 2774 1069 2837 quan-

262 2889 331 2936 tum
343 2872 462 2934 inveni.
477 2870 558 2934 Inde
573 2871 789 2958 Philosophus
802 2869 843 2934 ad
857 2871 982 2959 Regem
998 2893 1006 2934 τ
1027 2872 1064 2936 Si

260 3012 386 3059 rectum
394 2992 555 3073 judicium
571 2991 647 3055 inde
660 2993 752 3056 vobis
766 2990 878 3054 audire
888 2990 1063 3077 placuerit,

262 3115 377 3178 dicam.
391 3117 460 3177 Rex
473 3116 541 3177 haec
554 3113 689 3178 audiens
701 3130 738 3176 ut
748 3111 911 3191 judicaret
921 3114 1061 3200 rogavit.

262 3235 357 3297 Tunc
382 3234 598 3322 Philosophus
622 3232 730 3320 Regi:
753 3232 816 3295 Iste
838 3231 939 3294 homo
965 3230 1063 3299 dives

261 3351 367 3416 bonus
382 3370 431 3417 est
444 3355 598 3434 multum,
615 3370 648 3417 et
662 3375 728 3416 non
745 3369 795 3417 est
811 3351 967 3417 credibile
979 3375 1062 3417 eum
