2286 4238
574 394 616 450 b
643 401 700 440 122
723 393 766 447 G

281 501 381 564 medit
398 514 430 561 et
450 499 566 560 iterum
586 499 696 576 jacuit.
720 498 812 559 Unus
833 496 873 560 de
898 497 1074 586 burgensi·

279 622 340 684 bus
362 621 446 682 sicut
463 639 577 681 somno
599 616 786 704 perterritus
809 632 893 679 esset
911 617 1075 705 evigilavit

278 741 468 823 sociumque
480 737 622 816 vocavit,
637 737 691 798 cui
704 736 782 798 alter
798 733 839 797 de
853 733 1073 823 burgensibus

277 861 321 922 ait
342 883 350 922 ε
375 857 465 940 Quid
490 856 613 921 habes?
630 859 673 918 At
695 855 747 917 ille
771 855 876 940 inquit
895 878 902 917 :
921 855 1072 919 Mirabile

277 977 440 1040 somnium
463 974 547 1055 vidi,
571 997 645 1037 nam
666 974 748 1036 mihi
770 974 876 1036 visum
901 973 964 1036 fuit
980 973 1071 1060 quod

278 1095 344 1161 duo
358 1096 475 1184 Angeli
488 1095 677 1183 aperiebant
688 1108 796 1180 portas
813 1092 885 1154 coeli
897 1107 930 1155 et
948 1114 1001 1155 me
1014 1115 1070 1156 su·

277 1232 400 1279 mentes
423 1214 588 1278 ducebant
610 1229 683 1275 ante
710 1214 827 1275 Deum.
854 1212 915 1275 Cui
943 1214 1069 1277 socius:

276 1333 427 1397 Mirabile
445 1351 493 1397 cst
510 1334 574 1397 hoc
594 1332 757 1396 somnium
774 1329 865 1417 quod
886 1330 997 1394 vidisti
1007 1356 1027 1412 3·
1039 1349 1071 1396 at

274 1474 335 1541 ego
345 1453 503 1515 somniavi
521 1449 610 1537 quod
626 1473 645 1513 a
664 1449 793 1512 duobus
805 1449 937 1536 Angelis
947 1472 1001 1513 me
1011 1449 1070 1515 du·

276 1573 424 1634 centibus
441 1587 473 1633 et
490 1587 607 1634 terram
627 1569 825 1634 findentibus
848 1571 883 1633 in
905 1571 1069 1635 infernum

275 1689 423 1754 ducerer.
441 1689 592 1752 Rusticus
611 1690 674 1753 hoc
694 1706 799 1754 totum
819 1689 973 1753 audiebat
986 1706 1020 1755 et
1034 1712 1069 1754 se

275 1807 417 1871 dormire
433 1807 591 1895 fingebat3
604 1808 662 1871 sed
677 1794 857 1897 burgenses
869 1807 999 1897 decepti
1009 1811 1068 1874 de·

275 1930 382 2017 cipere
403 1929 544 1993 volentes
570 1945 607 1991 ut
624 1929 812 2016 evigilarent
832 1931 993 1995 rusticum
1012 1953 1065 1993 vo·

274 2065 437 2112 caverunt.
451 2049 604 2111 Rusticus
616 2069 694 2110 vero
712 2047 827 2111 callide
841 2064 873 2111 et
888 2065 927 2112 ut
938 2051 1069 2114 territus

276 2184 359 2231 esset
373 2166 562 2255 respondit:
578 2167 644 2249 Qui
656 2184 733 2229 sunt
745 2169 801 2254 qui
814 2191 866 2231 me
876 2187 995 2233 vocant
1003 2169 1017 2233 Ρ
1026 2172 1069 2235 At

272 2285 1066 2367 illizsociituisumusAEtrusticuszRedistisjaml

272 2406 315 2468 At
325 2406 385 2493 ipsi
397 2422 508 2468 contra
524 2428 531 2467 ε
550 2406 626 2488 Quo
642 2406 843 2493 perreximus
853 2406 942 2470 unde
958 2407 1067 2475 redire

272 2520 472 2587 debeamus?
495 2524 548 2587 Ad
570 2525 634 2589 hoc
655 2526 818 2589 rusticus:
839 2526 936 2590 Nunc
959 2529 1067 2593 visum

274 2654 343 2700 erat
360 2640 442 2700 mihi
458 2641 548 2726 quod
569 2642 635 2706 duo
654 2643 771 2733 Angeli
790 2666 893 2707 unum
912 2666 952 2707 ex
971 2648 1067 2713 vobis

271 2757 474 2845 accipiebant
490 2774 522 2822 et
534 2763 721 2847 aperiebant
732 2780 840 2850 portas
854 2764 944 2845 coeli,
960 2764 1066 2832 duce·

269 2877 414 2962 bantque
444 2877 534 2940 illum
562 2895 635 2941 ante
659 2882 785 2962 Deum3
816 2881 935 2946 deinde
964 2883 1066 2951 alium

268 2995 472 3082 accipiebant
491 2996 557 3058 duo
574 2997 628 3058 alii
647 2998 781 3088 Angeli,
803 3016 836 3063 et
852 3017 963 3087 aperta
979 3019 1067 3068 terra

270 3113 436 3178 ducebant
455 3116 488 3177 in
519 3117 702 3199 infernum,
727 3121 826 3184 ethis
849 3120 926 3184 visis
951 3125 1066 3210 putavi

271 3236 434 3297 neminem
450 3236 516 3314 jam
528 3237 665 3324 amplius
678 3237 878 3320 rediturum,
892 3257 925 3304 et
937 3245 1066 3308 surrexi

270 3366 301 3411 et
317 3373 433 3436 panem
446 3355 583 3416 comedi.
