2286 4238
469 363 511 419 b
538 346 597 409 128
619 363 662 420 ε

169 471 253 556 quit:
274 469 357 551 Quia
366 468 429 531 mel
447 491 513 532 non
523 468 709 532 comederet
722 468 848 533 etiarnsi
864 470 960 535 ades-

168 607 234 671 set,
252 607 284 653 et
301 589 522 654 comederunt
547 588 672 653 Deinde
692 590 781 652 venit
797 589 910 654 Nediu
927 608 961 655 et

167 712 226 774 ait:
235 712 343 792 Quare
353 733 404 773 me
415 711 546 773 absente
555 708 750 789 comedistis,
763 732 825 772 nec
833 727 959 797 partem

168 852 273 892 meam
286 827 494 891 reservastis?
509 829 689 892 Eunuchus
710 827 752 890 ad
768 829 839 891 haec
861 851 869 891 :
887 829 958 892 Ma·

168 949 265 1036 gister
288 965 362 1010 tuus
388 945 468 1009 dixit
484 946 574 1032 quod
597 947 662 1009 mel
681 969 746 1010 non
768 946 958 1011 comederes

168 1069 292 1131 etiamsi
315 1067 453 1131 adesses.
478 1068 521 1129 At
543 1066 596 1128 ille
615 1068 717 1130 tacuit
736 1083 770 1131 et
791 1068 960 1154 quomodo

169 1188 320 1276 magistro
339 1209 398 1250 suo
418 1186 499 1249 illud
515 1208 760 1273 recompensare
777 1204 889 1273 posset
911 1209 962 1251 co·

169 1305 287 1393 giravit.
298 1307 340 1368 Et
351 1305 413 1367 hoc
426 1304 520 1384 facto,
530 1304 681 1392 magistro
694 1305 838 1389 absente,
849 1307 882 1371 N
884 1306 961 1370 edin

169 1443 293 1489 secreto
317 1425 399 1488 dixit
419 1424 596 1487 eunucho:
620 1418 779 1505 Domine,
810 1428 962 1515 magister

169 1568 260 1607 meus
286 1542 480 1629 quandoque
503 1543 655 1605 frenesim
681 1543 805 1629 patiens
828 1566 961 1609 sensum

168 1663 275 1752 perdit
297 1680 329 1726 et
349 1661 521 1725 indiscrete
545 1665 787 1727 circumstantes
808 1667 963 1729 verberat

169 1784 373 1847 etinterimit.
386 1784 447 1846 Cui
459 1785 630 1847 eunuchus
643 1806 652 1846 t
664 1785 698 1848 Si
712 1787 831 1847 scirem
843 1786 959 1849 horam

130 1892 134 1901 ⁴
170 1903 300 1990 quando
311 1904 341 1966 ei
353 1904 525 1991 contingit,
538 1926 579 1965 ne
594 1901 674 1988 quid
687 1905 871 1968 inconsulte
883 1928 971 1994 age·.

169 2039 219 2085 ret
234 2021 366 2110 ligarem
384 2037 416 2084 et
424 2020 502 2083 loris
516 2020 677 2107 corrigere
690 2022 962 2110 constringerem.

170 2143 213 2205 At
226 2141 334 2204 Nediu
352 2140 416 2203 ait:
435 2141 517 2202 Cum
531 2138 650 2202 videris
665 2162 741 2202 eum
754 2141 821 2204 huc
838 2157 873 2205 et
884 2142 962 2207 illuc

169 2259 377 2346 aspicientem
391 2275 423 2321 et
440 2274 557 2320 terram
570 2258 719 2322 manibus
734 2260 962 2325 verberantem

171 2397 203 2443 et
215 2402 234 2441 a
253 2401 310 2442 sua
325 2378 402 2441 sede
418 2394 603 2464 surgentem
625 2393 657 2440 et
674 2400 843 2442 scamnum
865 2403 964 2468 super

172 2495 260 2582 quod
276 2495 366 2560 sedet
381 2519 480 2559 manu
492 2497 688 2583 rapientem,
702 2514 781 2561 tunc
791 2500 874 2564 scias
886 2524 963 2565 eurn

172 2638 240 2679 esse
253 2617 421 2697 insanum,
432 2634 465 2681 et
479 2618 542 2680 nisi
554 2618 614 2681 tibi
631 2634 663 2681 et
679 2619 742 2681 tuis
758 2621 963 2706 provideris,

173 2751 270 2822 caput
293 2735 376 2799 fuste
408 2734 539 2800 dolabit
571 2739 704 2801 Talibus
733 2738 827 2802 dictis
853 2740 975 2805 Nediu.

170 2857 318 2942 sequenti
345 2856 398 2920 die
427 2859 569 2945 magistri
597 2860 649 2922 sui
677 2857 807 2922 forfices
837 2876 967 2926 secreto

171 2973 358 3055 abscondit,
376 2992 409 3038 at
420 2976 540 3040 incisor
551 3000 696 3063 quaerens
711 2976 841 3042 forfices
854 2996 890 3043 et
900 3003 969 3044 non

170 3095 356 3175 inveniens,
382 3096 478 3182 coepit
493 3096 642 3159 manibus
659 3112 776 3159 terram
792 3116 970 3184 percutere

171 3227 202 3272 et
218 3213 284 3274 huc
299 3229 332 3275 et
344 3212 420 3275 illuc
434 3214 576 3300 aspicere
589 3229 622 3276 et
637 3237 656 3276 a
667 3234 725 3297 ψ
734 3213 812 3277 sede
830 3238 970 3307 surgere

174 3347 205 3394 et
215 3355 382 3398 scamnum
394 3359 492 3423 super
502 3337 592 3423 quod
603 3338 737 3402 sedebat
747 3361 848 3403 manu
860 3342 972 3407 dimo·
