2286 4238
554 349 597 405 Ρ
623 372 683 415 1oo
705 363 747 419 ε

246 471 381 539 domurn
401 497 510 542 emere
530 478 685 566 cupiebat
705 489 741 537 ut
760 495 852 536 suam
877 471 1057 560 largiorem

249 586 378 665 faceret.
404 592 489 656 Puer
513 609 620 657 autem
645 611 706 655 nec
727 607 922 676 prece,nec
948 586 1058 674 pretio

255 702 397 767 vendere
415 705 553 768 volebat.
572 702 671 786 Quod
688 718 859 789 postquam
882 700 941 763 iste
959 697 1055 762 dives

253 818 413 905 comperit
432 818 553 904 quibus
574 815 712 905 ingeniis
732 831 765 877 et
785 813 904 901 quibus
918 813 1057 876 artibus

251 954 355 1018 puero
376 932 582 996 subtraheret
600 930 735 994 domum
757 927 936 1016 cogitabat3
959 942 991 988 at
1003 925 1057 1004 ju·

252 1043 343 1106 venis
364 1043 546 1108 secundum
570 1066 665 1132 posse
686 1065 783 1106 suum
803 1040 1053 1103 familiaritatem

253 1156 323 1234 ejus
340 1155 501 1220 devitavit.
524 1156 673 1241 Denique
692 1155 866 1218 contristus
887 1151 977 1215 dives
997 1151 1055 1214 ille

251 1291 347 1332 causa
375 1268 491 1332 domus
517 1286 549 1332 et
575 1267 665 1355 quod
688 1290 754 1329 non
780 1281 889 1354 posset
910 1287 1052 1352 puerum
1098 1267 1101 1270 ’

251 1380 418 1468 decipere,
442 1380 582 1468 quadam
606 1380 659 1443 die
682 1379 772 1442 venit
796 1377 838 1441 ad
861 1401 1002 1465 puerum
1021 1395 1056 1442 et

249 1495 356 1580 inquit
368 1495 398 1557 ei
413 1517 421 1558 :
443 1495 472 1556 0
492 1517 590 1582 puer,
605 1491 817 1556 accommoda
830 1491 911 1554 mihi
926 1508 1053 1579 partem

250 1629 382 1694 parvam
401 1623 464 1669 tuae
478 1607 576 1669 curiae
587 1607 709 1693 pretio,
725 1606 880 1692 quoniam
893 1605 927 1667 in
940 1628 977 1668 ea
989 1606 1054 1668 sub
1133 1690 1135 1696 .

253 1735 337 1782 terra
349 1717 461 1781 decem
473 1718 608 1781 tonellos
620 1742 695 1782 cum
705 1720 779 1782 oleo
789 1716 953 1781 custodire
965 1717 1053 1798 volo,

250 1849 283 1896 et
310 1831 392 1894 nihil
417 1831 477 1894 tibi
503 1833 689 1912 nocebunt,
722 1831 780 1895 sed
803 1832 939 1895 habebis
973 1830 1054 1894 inde

252 1944 385 2031 aliquod
409 1962 700 2009 sustentamentum
727 1946 810 2009 vitae.
834 1947 920 2009 Puer
943 1962 1054 2009 autem

248 2076 380 2125 coactus
392 2060 579 2124 necessitate
593 2062 754 2124 concessit
763 2077 796 2123 ct
805 2059 897 2123 dedit
905 2060 934 2122 ei
943 2059 1054 2123 claves

248 2173 377 2237 domus.
401 2173 532 2237 Juvenis
550 2176 628 2236 vero
652 2174 771 2235 iterum
787 2194 878 2235 more
906 2171 1002 2236 solito
1016 2172 1059 2234 li-

190 2343 192 2348 .
249 2287 336 2352 beris
349 2285 526 2350 liberaliter
545 2284 688 2347 serviens
710 2284 833 2347 victum
849 2284 1056 2373 perquisivit.

251 2401 296 2462 At
304 2397 395 2461 dives
406 2398 506 2460 horno
519 2397 659 2483 acceptis
670 2396 814 2459 clavibus
826 2397 950 2459 curiam
961 2396 1058 2474 juve·

253 2511 303 2573 nis
322 2507 523 2586 suffodiens,
539 2508 684 2595 quinque
699 2508 835 2572 tonellos
849 2509 964 2595 plenos
981 2509 1056 2572 oleo

256 2621 304 2683 ibi
325 2617 511 2683 recondidit
528 2634 560 2679 et
578 2621 724 2706 quinque
741 2618 915 2700 dimidios,
935 2637 968 2684 et
992 2621 1060 2690 hoc

256 2733 347 2796 lactov
364 2730 518 2811 juvenem
547 2731 716 2795 advocavit
744 2731 913 2816 clavesque
938 2730 1060 2797 domus

256 2840 303 2910 illi
315 2845 462 2910 tribuens
475 2847 581 2934 inquit
596 2869 603 2909 :
622 2847 651 2908 0
664 2845 810 2925 juvenis,
823 2844 932 2908 oleum'
946 2867 1062 2910 meum

257 2961 319 3024 tibi
328 2956 496 3024 committo
503 2979 539 3050 et
549 2962 583 3024 in
596 2976 650 3024 tua
660 2957 806 3024 custo'dia
815 2957 917 3022 trado.
926 2961 942 3022 J
945 2963 1066 3026 uvenis.

258 3075 393 3163 simplex
408 3088 529 3162 ‘putans
543 3074 662 3137 omnes*
679 3071 814 3135 tonellos
834 3093 904 3134 esse
925 3072 1061 3159 plenos,

259 3189 293 3250 in
311 3187 606 3276 custodierecepit.
628 3188 672 3249 At
687 3202 761 3273 post
777 3185 913 3274 longuni
925 3202 1066 3276 tempus

262 3303 399 3390 contigit
412 3300 502 3388 quod
513 3303 550 3363 in
566 3318 650 3365 terra
666 3299 719 3361 illa
735 3299 844 3362 oleum
861 3322 974 3363 carum
988 3301 1063 3367 fuit.

263 3415 359 3477 Dives
379 3415 449 3477 haec
463 3412 598 3476 audiens
620 3436 723 3499 puero
746 3412 872 3499 inquit:
890 3413 918 3476 0
937 3414 1066 3497 amice,
