2286 4238
542 352 586 409 t·
612 335 672 412 144
693 348 738 406 ⁴

241 455 399 519 sententia
412 453 586 537 selebitur5
606 456 656 518 sin
670 472 796 536 autem,
811 457 846 519 in
859 478 1041 522 commune

242 573 347 638 detur.
364 576 407 638 At
422 576 484 663 ipsi
497 592 737 639 concesserunt.
756 575 870 662 Vulpis
890 576 1039 663 primum

240 693 350 755 locuta
369 713 445 754 cum
465 709 590 755 aratore
601 693 646 755 ait
660 716 668 755 ι
682 694 731 756 Da
742 693 824 757 mihi
835 717 937 758 unam
951 696 1043 784 galli·

242 828 361 876 namet
373 811 468 874 uxori
482 832 560 874 meae
574 811 722 892 alteram,
737 828 769 874 et
776 813 914 877 habebis
924 815 1040 882 boves.
1094 809 1096 812 Α

241 934 358 995 Arator
372 933 550 1012 concessit,
571 949 603 996 et
615 933 679 996 hoc
694 933 779 996 facto
797 956 874 997 cum
888 933 970 1021 lupo
987 936 1040 998 lo·

241 1053 353 1138 quitur
377 1052 517 1118 dicens:
538 1054 673 1135 Amice,
695 1052 772 1117 audi
793 1075 800 1117 :
822 1053 948 1151 Meritis
975 1056 1041 1120 tuis

240 1173 494 1258 procedentibus
504 1196 564 1261 pro
578 1189 609 1236 te
619 1173 736 1253 debet,
751 1172 778 1235 si
788 1195 851 1260 qua
863 1190 913 1237 est
916 1174 1040 1259 facun-

243 1289 305 1372 dia,
316 1291 472 1356 laborare.
484 1291 741 1356 Tantumloeuta
749 1315 822 1355 sum
831 1315 907 1355 eum
915 1294 1041 1357 rustico

242 1408 332 1494 quod
341 1411 368 1473 si
378 1411 478 1474 boves
488 1411 573 1474 illius
583 1409 743 1474 dimiseris
752 1411 887 1473 omnino
898 1412 1040 1498 quietos,

243 1525 333 1590 dabit
348 1530 408 1592 tibi
429 1552 559 1593 caseum
582 1529 624 1592 ad
648 1529 906 1618 magnitudinem
932 1530 1041 1618 clypei

239 1644 371 1709 factum.
384 1649 454 1710 Hoc
467 1648 562 1735 lupus
577 1648 746 1712 concessit.
765 1648 827 1710 Cui
837 1647 952 1734 vulpes
968 1648 1013 1713 ait
1030 1673 1038 1712 :

240 1766 392 1830 Concede
402 1785 560 1833 aratorem
573 1770 674 1835 boves
685 1793 761 1834 suos
775 1770 896 1832 ducere
907 1817 916 1851 ,
926 1786 960 1832 et
978 1792 1041 1858 ego

242 1886 359 1951 ducam
370 1904 400 1951 te
412 1888 453 1952 ad
466 1891 576 1953 locum
590 1893 649 1953 ubi
665 1907 818 1979 parantur
834 1888 919 1952 illius
936 1890 1040 1971 casei,

240 2028 277 2074 ut
299 2035 398 2098 quem
420 2013 561 2076 volueris
581 2011 622 2074 de
646 2011 755 2074 multis
783 2011 901 2098 eligere
921 2011 1039 2097 possis.

239 2133 303 2197 Sed
336 2134 432 2220 lupus
464 2150 574 2197 astutae
603 2132 708 2219 vulpis
742 2131 897 2218 deceptus
928 2131 1041 2195 verbis

239 2254 386 2339 quietum
396 2255 487 2318 abire
495 2254 818 2343 permisitrusticum.
826 2249 949 2336 Vulpes
958 2272 1041 2314 vero

239 2373 385 2460 vagando
399 2373 465 2437 huc
487 2390 519 2436 et
534 2372 610 2435 illuc
625 2386 784 2458 quantum
800 2368 908 2458 potuit
920 2368 1040 2457 lupum

239 2489 395 2571 deviavit,
420 2514 519 2577 quem
543 2492 693 2554 veniente
713 2490 854 2551 obscura
876 2503 973 2550 nocte
997 2487 1042 2553 ad
1105 2548 1111 2563 ,

239 2607 339 2670 altum
365 2625 502 2694 puteum
526 2610 678 2690 deduxit,
703 2610 758 2672 eui
781 2630 879 2696 super
900 2623 1041 2695 puteum

238 2726 334 2789 stanti
349 2726 486 2788 formam
506 2727 591 2790 lunae
612 2728 797 2815 semiplenae
815 2728 850 2790 in
865 2726 931 2788 ime
945 2727 1041 2813 putei

239 2844 392 2909 radiantis
407 2844 550 2909 ostendit
569 2864 601 2909 et
618 2847 725 2933 inquit
742 2870 749 2910 ε
768 2847 828 2910 Hic
854 2860 903 2908 est
924 2867 1040 2910 caseus

239 2986 338 3049 quem
361 2964 421 3026 tibi
445 2964 599 3052 promisi,
622 2964 785 3027 descende
810 2966 837 3028 si
857 2966 983 3054 placet,
1008 2987 1042 3036 et

240 3085 385 3148 comede.
396 3084 448 3147 Ad
461 3085 530 3147 heec
543 3084 641 3172 lupus
657 3109 663 3149 :
681 3087 852 3150 Descende
868 3089 1040 3175 primitus,

240 3218 272 3265 et
290 3204 317 3265 si
340 3203 406 3265 sola
431 3203 557 3267 deferre
574 3227 641 3266 non
665 3206 803 3290 poteris,
827 3221 864 3268 ut
879 3223 910 3270 te
924 3208 1040 3286 juvem

240 3319 354 3385 faciam
369 3322 460 3409 quod
478 3324 627 3388 hortaris.
646 3325 687 3387 Et
702 3326 766 3390 hoc
781 3324 868 3391 dieto
882 3327 1041 3395 viderunt
