2286 4238
471 365 513 421 9·
540 349 599 413 118
621 362 664 419 Q

167 470 298 559 potestis
307 469 354 530 ire
365 490 423 555 per
434 485 576 554 pontem.
595 469 636 530 Et
647 466 778 553 quidam
792 488 830 529 ex
842 451 963 532 nostris

168 591 259 654 illum
273 612 383 654 senem
402 589 488 652 sicut
500 611 557 652 vos
569 604 713 650 vestrum
727 592 820 650 antea
838 587 964 653 derise-

168 727 246 774 runt
265 727 298 773 et
314 733 373 798 per
393 709 513 772 vadum
539 710 600 771 iter
618 709 759 796 aggressi
782 725 875 789 sunt3
906 709 966 773 sed

169 851 282 891 corum
294 828 348 890 alii
359 828 463 890 socios
479 828 663 891 submersos
679 826 895 909 dimiserunt,
910 827 966 890 alii

169 971 269 1035 equos
283 964 315 1010 et
333 947 472 1010 sarcinas
488 946 719 1033 perdiderunt,
735 945 869 1031 quidam
885 968 966 1010 vero

169 1091 228 1156 per
238 1090 367 1131 amnem
384 1066 579 1131 madefactos
592 1067 670 1130 alios
683 1068 818 1129 omnino
830 1069 966 1132 amissos

170 1185 386 1268 defleverunt,
401 1186 460 1249 sed
472 1209 531 1250 nos
549 1203 581 1249 et
593 1208 691 1248 senex
707 1201 816 1248 noster
828 1186 885 1271 qui
905 1207 967 1273 per

170 1324 302 1394 pontem
331 1309 535 1372 transivimus
562 1308 631 1370 sine
664 1305 898 1393 impedimento
933 1323 968 1370 et

171 1428 293 1513 absque
311 1429 401 1491 omni
415 1428 623 1490 incommodo
636 1427 853 1514 processimus
866 1443 900 1490 et
910 1448 967 1490 eos

171 1544 967 1633 superripamlluminisadhucjacmramdellentcs

171 1665 385 1751 repperimus.
400 1665 528 1746 Quibus
546 1664 698 1729 flentibus
712 1682 745 1728 et
763 1688 839 1729 cum
856 1665 968 1729 rastris

139 1857 144 1865 ι
173 1800 206 1846 et
216 1806 333 1871 sagena
342 1785 407 1846 ima
415 1783 504 1848 fluvii
513 1787 789 1871 perscrutantibus
797 1808 897 1849 senex
906 1784 970 1848 ait:

172 1903 206 1966 Si
222 1903 393 1967 nobiscum
412 1927 470 1991 per
489 1920 622 1991 pontem
638 1905 877 1995 perrexissetis,
900 1928 970 1969 nou

171 2021 215 2085 ita
238 2024 432 2111 contigisset.
459 2024 589 2087 Aiunt:
620 2024 691 2086 Hoc
722 2023 857 2087 fecimus
892 2026 971 2110 quia

171 2143 256 2206 viam
279 2143 404 2207 tardare
432 2144 633 2207 nolebamus.
661 2143 714 2206 Ad
742 2143 811 2207 haec
839 2165 970 2210 senex:

173 2266 270 2329 Nunc
292 2268 391 2355 magis
404 2266 520 2330 tardati
537 2267 629 2346 estis,
647 2282 679 2328 et
689 2266 750 2329 illis
765 2266 885 2329 relictis
904 2267 973 2331 laeti

173 2387 424 2451 subintravimus
443 2402 550 2474 portas
563 2386 664 2448 urbis.
684 2386 762 2448 Tale
772 2403 820 2449 est
830 2409 971 2474 prover·

173 2507 266 2568 bium
274 2504 363 2590 quod
372 2504 480 2568 audivi
492 2528 500 2567 :
512 2505 615 2592 Magis
625 2505 710 2568 valet
723 2505 819 2593 longa
829 2505 882 2568 via
897 2529 972 2593 quae

174 2621 216 2684 ad
230 2621 430 2709 paradisum,
451 2645 547 2707 quam
565 2623 672 2686 brevis
694 2622 735 2685 ad
755 2623 931 2687 infernum.

218 2741 321 2803 Arabs
343 2741 507 2827 castigavit
522 2739 635 2804 lilium.
656 2741 736 2822 Fili,
763 2743 790 2803 si
816 2742 918 2805 fueris
935 2743 974 2806 in

175 2861 227 2924 via
252 2882 328 2922 cum
352 2859 460 2944 aliquo
482 2861 590 2941 socie,
615 2859 711 2948 dilige
729 2883 804 2924 eum
830 2862 917 2924 sicut
939 2878 974 2926 te

175 2984 300 3069 ipsum,
320 2998 352 3043 et
371 3002 413 3042 ne
426 2979 590 3044 mediteris
605 2982 746 3068 aliquem
763 2981 914 3070 decipere
930 3007 976 3049 ne
1009 3057 1013 3065 .

177 3115 208 3162 et
225 3117 261 3162 tu
275 3098 444 3186 decipiaris
460 3098 561 3161 veluti
582 3098 712 3162 duobus
734 3099 871 3186 contigit
888 3100 976 3163 bur-

178 3220 328 3306 gensibus
352 3234 385 3281 et
404 3219 536 3281 rustico.
557 3218 657 3281 Filius
680 3241 687 3280 :
711 3218 809 3280 Refer
835 3217 920 3282 mihi
938 3236 980 3285 ut

179 3337 300 3422 aliquid
317 3337 460 3401 utilitatis
475 3336 552 3400 inde
565 3337 725 3424 accipiant
741 3337 872 3424 posteri.
