2286 4238
571 395 615 454 9
641 402 678 442 10
699 393 743 451 ί

290 524 329 564 eo
341 501 496 588 quaeritur
505 501 532 563 si
542 499 675 578 fecerit,
686 496 863 586 respondet
876 519 884 560 ;
897 498 988 560 Deus
1004 500 1085 579 scit,

288 604 339 668 vel
362 627 448 685 non,
474 617 512 666 ut
531 602 566 665 in
588 602 704 681 majori
724 600 904 664 reverentia
926 600 1085 665 habeatur

288 724 321 772 et
342 708 469 771 dicatur
490 703 581 792 quod
601 705 770 792 hypocrita
788 725 854 766 non
876 720 925 767 est
946 705 1003 789 qui
1020 704 1083 767 ho·

289 811 432 875 minibus
446 810 568 873 factum
588 831 684 872 suum
698 809 781 872 nolit
791 808 961 897 propalari.
977 807 1085 872 Credo

288 915 383 978 etiam
407 935 528 1001 paucos
551 935 620 977 esse
645 913 702 999 qui
725 913 833 998 aliquo
857 912 956 991 hujus
978 912 1084 999 hypo·

289 1019 379 1083 crisis
399 1039 516 1106 genere
538 1039 604 1080 non
627 1017 831 1104 participent.
848 1015 964 1078 Videte
986 1015 1086 1102 igitur

288 1145 330 1186 ne
342 1122 404 1186 hac
420 1121 565 1203 seducti,
578 1121 698 1186 laboris
711 1121 809 1183 vestri
825 1120 961 1208 praemio
973 1119 1095 1207 prive·.

287 1225 388 1308 mini,
400 1225 492 1314 quod
502 1248 544 1288 ne
554 1225 720 1313 contingat
730 1223 840 1287 omnia
852 1223 947 1286 facite
961 1221 1086 1286 munda

288 1330 486 1410 intentione,
498 1351 540 1391 ne
553 1326 630 1391 inde
643 1328 778 1416 gloriam
788 1327 910 1389 habere
925 1326 1082 1412 quaeratis.

288 1433 377 1496 Dixit
387 1433 467 1494 alius
484 1432 719 1519 philosophus:
738 1432 772 1495 Si
784 1433 855 1495 Deo
871 1429 1009 1493 firmiter
1020 1431 1084 1494 im·

288 1535 444 1616 mitteris,
464 1536 574 1596 omnia
587 1550 683 1597 erunt
698 1557 854 1621 prospera
874 1555 1085 1620 quocumque

231 1678 238 1688 ι
288 1638 364 1700 ieris
414 1637 534 1717 aleam,
548 1637 605 1722 qui
617 1637 728 1723 lingua
739 1636 868 1699 arabica
879 1651 1014 1698 vocatur
1025 1636 1086 1699 Lu·

291 1763 404 1804 caman
420 1753 450 1822 ¹,
465 1740 546 1804 dixit
558 1739 624 1804 filio
641 1758 702 1804 suo
715 1763 723 1805 :
738 1740 816 1820 Fili,
835 1763 877 1802 ne
894 1740 937 1803 sit
948 1740 1086 1803 formica

289 1845 464 1931 sapientior
481 1859 529 1926 te,
549 1867 621 1931 quae
637 1859 811 1933 congregat
828 1844 863 1906 in
876 1859 981 1906 aestate
991 1842 1086 1906 unde

289 1947 375 2011 vivat
389 1946 425 2009 in
440 1947 567 2036 hyeme,
580 1947 662 2030 Fili,
675 1971 719 2012 ne
729 1949 771 2011 sit
786 1947 887 2037 gallus
902 1947 1086 2034 vigilantior

289 2069 338 2133 te,
363 2052 419 2139 qni
436 2053 472 2114 in
492 2053 657 2116 matutinis
679 2052 808 2141 vigilat,
837 2067 869 2115 et
891 2067 930 2114 tu
950 2049 1083 2114 dormis.

289 2156 367 2237 Fili,
381 2178 422 2218 ne
437 2155 479 2219 sit
488 2155 589 2244 gallus
598 2156 713 2219 fortior
725 2172 774 2237 te,
792 2155 849 2240 qui
859 2152 1014 2234 justificat
1026 2153 1083 2216 de·

291 2282 362 2323 cem
379 2283 496 2324 uxores
507 2284 598 2342 suas,
611 2277 648 2323 tu
660 2260 760 2323 solam
775 2260 930 2346 castigare
944 2281 1010 2320 non
1022 2281 1083 2345 po-

289 2381 348 2428 tes.
360 2365 438 2445 Fili,
459 2388 500 2428 ne
515 2365 557 2428 sit
571 2365 659 2428 canis
679 2362 778 2428 corde
796 2361 938 2424 nobilior
955 2378 1005 2442 te,
1028 2362 1085 2448 qui

291 2467 536 2530 benefactorum
553 2488 689 2531 suorum
707 2489 774 2530 non
792 2464 997 2528 obliviscitur
1018 2487 1026 2526 :
1049 2481 1084 2528 tu

177 2630 188 2656 x
291 2584 399 2631 autem
431 2569 676 2633 benefactorum
709 2586 842 2634 tuorum
873 2568 1082 2631 oblivisceris,

292 2671 368 2751 Fili,
391 2693 434 2734 ne
453 2670 601 2736 rideanrr
620 2673 685 2739 tibi
700 2695 819 2761 parum·
839 2695 945 2736 unum
963 2672 1085 2736 habere

292 2774 483 2859 inimicum,v
493 2775 549 2840 vel
561 2776 699 2840 nimium
712 2776 798 2843 mille
812 2777 933 2841 habere
948 2779 1084 2856 amicum

293 2877 367 2943 dico
385 2879 454 2943 tibi.
540 2884 541 2888 ’

339 3091 348 3115 ¹
360 3080 484 3136 Lockman,
