2286 4238
583 354 754 428 952<

501 647 813 714 ·FABULA·VI.

280 924 289 955 '¹
314 933 447 994 Dictum
463 926 513 990 cst¹
526 927 608 990 duos
617 926 754 988 clericos
770 924 949 987 decivitate
963 926 1065 987 exisse

271 1072 403 1139 vespere
415 1064 453 1112 ut
467 1047 730 1135 exPatriarentur.
751 1047 920 1107 Venerunt
936 1067 1013 1132 ergo
1031 1045 1065 1105 iu

269 1174 379 1236 locum
395 1170 453 1235 ubi
468 1184 628 1257 potatores
645 1183 872 1231 convenerant.
889 1158 1066 1229 Dixit'alter

270 1293 359 1356 socio
373 1315 433 1355 suo
449 1314 457 1353 ε
474 1291 677 1355 Divertamus
696 1287 757 1349 alia
774 1288 839 1366 via,
862 1288 937 1373 quia
956 1287 1065 1374 philo-

273 1413 395 1498 sophus
421 1411 501 1474 dicit
519 1432 585 1471 non
609 1405 842 1471 transeundum
865 1429 923 1493 per
956 1405 1066 1469 sedem

273 1531 375 1618 gentis
397 1530 526 1617 iniquae.
545 1516 725 1614 Respondit
745 1528 878 1590 socius:
900 1527 1067 1588 Transitus

274 1672 340 1712 non
360 1648 510 1727 nocebit,
534 1648 561 1710 si
581 1647 669 1715 aliud
686 1671 753 1711 non
773 1648 886 1727 fuerit3
911 1664 943 1711 et
963 1664 1068 1711 traus-

273 1786 384 1833 euutes
401 1755 628 1833 audierunt'in
646 1767 754 1833 domo
767 1769 967 1831 cantilenam.
989 1770 1068 1832 Sus·

272 1888 336 1950 titit
350 1888 429 1951 alter
445 1903 587 1955 retentus
603 1887 776 1950 dulcedine
795 1903 917 1950 cantus.
940 1888 1070 1950 Monuit

176 2010 185 2020 '
275 2008 381 2070 socius
402 2007 464 2088 ire,
489 2007 546 2093 qui
565 2007 679 2070 noluit.
698 1998 883 2084 Recedente
906 2008 996 2070 socio
1015 2031 1068 2071 re-

274 2098 392 2191 meiusit
408 2127 512 2209 solus,
536 2127 726 2214 illectusque
750 2145 847 2190 cantu
863 2126 997 2190 domum
1017 2130 1069 2190 in·

276 2248 379 2312 travit.
401 2248 554 2334 Undique
577 2248 830 2329 vocatussedit,
857 2247 971 2311 sedens
987 2247 1073 2310 'cum

278 2367 347 2430 aliis
361 2367 491 2453 potavit.
509 2368 551 2429 Et
565 2389 641 2429 ecce
651 2389 757 2453 praeco
774 2367 1007 2453 exploratorem
1021 2368 1072 2429 ci·

276 2487 381 2565 vitatis
397 2486 575 2574 fugientem
584 2508 739 2572 sequens,
753 2502 827 2572 post
834 2487 926 2548 illum
936 2473 1070 2549 domum

277 2607 457 2691 potantium
483 2606 621 2670 intravit.
649 2608 785 2668 Invento
812 2592 1010 2692 exploratore
1037 2610 1072 2670 in

272 2722 342 2785 illa
358 2700 472 2803 domo,
496 2723 564 2809 ipse
586 2739 618 2784 et
636 2745 749 2785 omnes
769 2725 853 2809 capti
875 2742 970 2788 sunt:
990 2727 1071 2808 Hic,
1117 2789 1119 2794 ,

277 2845 399 2932 inquit,
423 2817 604 2928 hospitium
627 2840 724 2919 hujus
755 2840 961 2926 exploratoris
991 2844 1072 2927 fuit,
1123 2815 1127 2822 .

214 2945 217 2952 ¹
277 2967 355 3029 hinc
372 2965 464 3044 exiit,
481 2964 547 3026 huc
559 2961 671 3040 rediit,
688 2982 799 3022 omnes
814 2961 937 3023 conscii
949 2979 981 3023 et
994 2964 1075 3027 socii

278 3088 382 3149 fuistis
393 3084 502 3164 hujus.
512 3082 812 3146 Ductisuntomnes
826 3079 868 3143 ad
880 3082 1072 3167 patibulum,

282 3222 313 3268 et
323 3206 459 3269 clericus
474 3206 557 3269 inter
572 3203 642 3266 illos
660 3224 775 3290 magna
786 3223 866 3264 voce
880 3201 1075 3289 praedicabat
1108 3271 1112 3284 ι

281 3325 433 3387 omnibus
449 3347 456 3387 :
474 3324 629 3410 Quisquis
651 3323 770 3408 iniquae
788 3322 889 3410 gentis
911 3323 1074 3385 consortio
