2286 4238
479 372 650 448 '7⁰‘

429 680 637 748 FABULA
662 683 704 748 Χ.

211 975 281 1037 Rex
292 974 425 1060 quidam
436 997 532 1038 suum
546 975 663 1040 habuit
677 974 890 1038 fabulatorem
907 977 964 1060 qui

169 1093 302 1181 singulis
319 1094 470 1160 noctibus
485 1096 630 1183 quinque
644 1094 708 1157 sibi
722 1116 852 1157 narrare
866 1093 963 1157 fahu·
983 1072 984 1076 Ἰ

166 1213 212 1277 las
232 1234 452 1309 consueverat.
479 1217 622 1305 Contigit
641 1214 770 1279 taudem
792 1188 882 1300 cuod
908 1238 965 1278 rex
1022 1256 1024 1258 ψ

164 1338 255 1404 -curis
287 1338 483 1426 quibusdam
512 1339 666 1403 sollicitus
694 1337 828 1401 minime
854 1353 963 1423 posset

169 1455 331 1539 dormire,
357 1459 532 1544 pluresque
557 1457 651 1521 solito
679 1456 826 1542 quaesivit
850 1456 964 1520 audire

168 1576 305 1640 fabulas.
327 1578 385 1640 Ille
406 1594 513 1641 autem
536 1595 600 1642 tres
624 1600 721 1666 super
739 1579 803 1640 hoc
825 1578 967 1641 narravit

166 1695 308 1777 fabulas,
327 1695 385 1760 sed
398 1719 521 1784 parvas.
536 1698 692 1779 Quaesivit
701 1719 758 1760 rex
774 1697 892 1784 plures.
906 1698 964 1760 Ille

168 1838 246 1878 vero
268 1816 450 1881 nullatenus
470 1817 588 1898 voluit,
609 1816 733 1881 dixerat
751 1819 858 1899 enirn,
879 1819 965 1882 sicut

169 1937 276 2000 visum
288 1937 393 2008 fuerat
403 1939 481 2020 sibi,
499 1940 625 2003 multas.
640 1939 694 2003 Ad
707 1941 776 2003 haec
786 1961 843 2003 rex
858 1963 866 2004 ε
884 1940 962 2002 Plu·

168 2059 265 2123 rimas
281 2061 348 2139 jam
363 2062 516 2142 narrasti,
535 2061 594 2125 sed
608 2061 814 2125 brevissimas
827 2085 835 2124 :
848 2062 964 2124 vellem

168 2199 199 2246 te
215 2182 356 2269 aliquam
369 2205 442 2246 rem
450 2204 580 2245 narrare
591 2194 663 2269 qu'ae
673 2182 781 2246 multis
800 2182 962 2270 produca-

165 2320 222 2366 tur
231 2305 356 2385 verbis,
368 2321 401 2368 et
411 2305 457 2368 sic
472 2321 502 2368 te
517 2303 659 2368 dormire
670 2306 862 2392 permittam.
879 2307 963 2368 Con-

167 2423 263 2486 cessit
276 2423 437 2487 fabulator
452 2440 485 2488 et
498 2425 545 2487 sic
557 2424 680 2512 incipit.

212 2666 288 2728 Erat
298 2666 431 2751 quidam
442 2668 583 2747 rusticus
600 2669 658 2754 qui
673 2667 760 2730 mille
774 2667 894 2731 solidos
908 2670 965 2732 ha-

168 2787 250 2851 buit.
269 2787 331 2850 Hic
352 2804 459 2850 autem
475 2787 684 2876 proficiscens
698 2789 896 2877 comparavit
913 2790 964 2852 bis

168 2908 256 2972 mille
270 2930 364 2990 oves,
377 2906 522 2996 singulas
541 2930 596 2971 sex
610 2907 759 2972 denariis.
774 2907 905 2971 Accidit
922 2931 963 2971 eo

168 3028 326 3093 redeunte
354 3027 444 3115 quod
467 3048 583 3118 magna
610 3028 780 3092 inundatio
805 3051 963 3114 aquarum

168 3132 402 3233 succresceret,
425 3152 481 3238 qui
508 3174 584 3215 cum
604 3173 711 3238 neque
731 3173 791 3238 per
809 3167 964 3238 pontem,

169 3294 275 3358 neque
288 3295 346 3359 per
355 3269 487 3335 vadium
497 3270 632 3334 transire
645 3281 771 3357 posset,'
785 3269 866 3332 abiit
883 3269 965 3333 solli·

170 3392 250 3458 citus
264 3415 409 3479 quaerens
423 3414 579 3478 quocum
590 3392 706 3455 ovibus
721 3391 787 3455 suis
801 3390 964 3454 transvehi
