2286 4238
473 356 518 418 D·
543 343 602 410 168
624 358 668 417 ⁴

168 466 340 530 auctoritas
354 463 542 529 Iudaeorum
554 465 699 553 precipit
708 475 731 528 ¹.
755 465 846 529 Dicit
858 468 950 531 enim
962 491 971 533 τ

168 588 202 652 si
224 586 296 672 quis
317 585 497 649 invitaverit
523 601 554 648 te
575 583 618 648 ad
641 583 835 671 prandium,
859 586 971 652 videas

168 728 340 796 personam
356 704 529 769 invitantis.
551 704 684 769 sienim
699 727 816 794 magun
829 727 971 793 persona

168 824 281 904 fuerit,
291 825 396 887 statim
408 821 570 903 concede3
582 823 631 887 sin
644 837 770 904 autem,
783 822 969 888 secundum

170 941 260 1030 quod
271 945 349 1023 erit,
366 942 509 1007 secunda
520 942 571 1006 vel
587 942 679 1006 tertia
690 942 771 1005 vice.
782 943 857 1007 Hoc
873 943 969 1007 etiam

169 1061 308 1127 refertur
318 1060 360 1125 de
371 1062 546 1126 Abra-ham.
565 1059 811 1144 Quadamenim
824 1060 878 1125 die
889 1061 969 1129 dum

169 1204 278 1245 coram
291 1205 350 1245 sua
364 1198 461 1246 staret
470 1182 584 1264 janua,
600 1197 804 1245 transeuntes
825 1182 889 1246 suh
902 1181 966 1245 hu-

169 1328 264 1368 mana
274 1306 381 1393 specie
388 1304 469 1368 vidit
478 1321 542 1367 tres
548 1303 683 1392 angelos
695 1325 778 1390 quos
791 1303 863 1391 ipse
875 1280 968 1367 sunm

168 1423 304 1488 domum
319 1424 437 1487 intrare
453 1423 590 1486 honesto
602 1421 696 1486 vultu
709 1422 851 1509 rogavit,
867 1422 966 1511 pedes

167 1543 288 1625 lavare,
306 1544 465 1630 cyborum
480 1543 690 1606 refectionem
704 1565 850 1624 sumere,
869 1542 966 1607 lassos

168 1679 255 1725 artus
280 1684 394 1724 somno
416 1684 572 1725 recreare.
600 1663 666 1750 Ipsi
687 1684 783 1744 vero,
811 1663 965 1751 quoniam

167 1803 283 1869 magna
301 1803 438 1869 persona
455 1799 537 1864 erat,
553 1783 788 1870 acquieverunt
804 1784 876 1864 ejus
887 1789 966 1874 peti·

168 1901 279 1964 nonin
293 1902 309 1964 J
312 1901 425 1964 uvenis
437 1900 703 1966 adsenemzCum
711 1903 863 1967 invitatus
873 1904 965 1968 fuero

168 2021 211 2086 ad
230 2020 419 2110 prandium,
445 2045 560 2110 parum
578 2022 630 2087 vel
652 2022 748 2085 nimis
772 2023 965 2088 comedam?

168 2143 230 2206 Cui
249 2166 348 2206 senex
361 2166 369 2208 ε
381 2143 504 2224 Nimis,
526 2144 678 2229 quoniam
698 2115 724 2206 ei
744 2144 870 2209 amicus
892 2161 965 2210 tuus

167 2264 266 2326 fuerit
286 2263 342 2350 qui
360 2279 391 2325 te
407 2262 568 2343 invitavit,
591 2261 745 2351 gaudebit
766 2265 921 2347 multum;
939 2266 965 2330 si

167 2400 275 2446 autem
283 2383 443 2463 inimicus,
453 2381 587 2446 dolebit.
597 2383 668 2445 Hoc
678 2382 789 2447 audito
796 2385 866 2449 risit
874 2409 965 2474 puer,

168 2504 209 2566 ad
221 2526 318 2590 quem
334 2527 432 2568 senex
441 2527 452 2568 .:
466 2502 668 2568 Recordatus
683 2528 756 2568 sum
768 2507 864 2570 verbi
877 2507 965 2595 quod

169 2622 276 2685 audivi
288 2622 328 2685 de
340 2625 530 2687 Maimundo
545 2626 650 2713 nigro.
665 2625 806 2708 Quidam
818 2632 907 2693 enim
914 2651 966 2697 ,ee-

168 2763 232 2803 nex
242 2742 385 2826 quaesivit
393 2743 434 2806 ab
445 2765 484 2806 eo
496 2761 652 2829 quantum
662 2765 771 2834 posset
781 2748 964 2815 comedere.

168 2860 230 2924 Cui
241 2861 308 2948 ipse
320 2882 327 2923 :
341 2861 388 2923 De
403 2863 495 2941 cujus
508 2862 662 2950 prandio,
678 2864 718 2928 de
733 2889 807 2931 meo
817 2868 871 2931 vel
886 2864 966 2933 aite-

167 2979 254 3045 rius?
273 2982 316 3045 At
326 2981 378 3044 ille
391 2983 457 3046 :De
474 3000 540 3046 tuo.
552 2984 763 3050 Maimundus
775 3009 783 3049 ε
797 2973 966 3070 Quantum

167 3103 265 3189 magis
283 3125 425 3189 possum.
450 3105 576 3171 Senex:
593 3105 645 3171 Tu
661 3105 760 3172 modo
780 3108 966 3176 recordaris

200 3284 209 3307 ¹
225 3277 327 3323 Talmud.

197 3375 209 3399 ²
224 3371 304 3418 Genes.
316 3388 394 3422 xvm.
409 3376 480 3424 1.-5.
