2286 4238
478 382 521 439 ⁹·
547 370 607 456 178
630 382 673 439 Q

176 490 352 570 malorum,
374 489 449 575 quia
467 489 569 552 multa
586 489 668 552 mala
683 491 838 553 eveniunt
850 511 922 578 quae
942 493 977 555 in

176 611 265 674 bono
288 608 456 673 finiuntur.
477 609 722 698 Philosophus:
743 611 849 690 Hujus
867 613 977 675 saeculi

178 732 265 795 bona
292 731 466 794 commixta
491 746 568 794 sunt
588 753 596 794 :
617 752 684 794 non
708 731 795 793 enim
823 731 975 796 comedes

174 851 238 915 mel
254 851 322 914 sine
337 872 476 915 veneno.
492 849 584 913 Alius
599 872 607 913 τ
621 851 846 938 Quascumque
858 852 894 914 in
911 875 972 916 ste·

175 970 250 1034 culo
262 985 356 1050 sunt,
371 969 614 1033 commutabilia
625 985 720 1051 sunt,
734 986 768 1033 et
781 992 853 1057 qum
870 993 912 1034 er
929 972 976 1036 eis

174 1088 236 1152 tibi
253 1104 331 1151 sunt
342 1088 429 1152 bona
445 1103 602 1168 ventura,
623 1087 701 1150 li'cet
717 1087 760 1151 sis
776 1085 911 1170 debilis,
925 1105 974 1152 ta-

175 1231 250 1272 men
260 1207 397 1271 habebis
407 1223 440 1270 et
450 1206 533 1269 mala
542 1207 666 1270 viribus
679 1205 822 1270 devitare
833 1230 901 1271 non
912 1230 973 1296 po·

172 1329 259 1394 teris.
280 1329 372 1391 Alius
393 1350 401 1391 :
422 1326 521 1410 Quod
539 1327 633 1416 pigro
649 1327 776 1413 assequi
793 1326 975 1421 desiderata

174 1451 292 1532 donat,
307 1450 396 1515 idem
404 1450 562 1536 consequi
576 1450 684 1537 cupita
696 1449 853 1513 velociter
866 1467 972 1538 negat.

173 1561 265 1635 Alius
277 1594 284 1634 :
300 1572 340 1636 Se
350 1593 409 1658 per
417 1586 620 1634 venustatem
631 1568 786 1632 saeculum
798 1566 975 1632 dedecorat

172 1705 206 1753 et
227 1711 287 1777 per
306 1704 471 1776 optantem
491 1710 525 1751 se
547 1705 632 1752 terra
653 1687 791 1776 deglutit
811 1704 844 1751 et
869 1705 971 1753 vorat„

172 1809 280 1873 Alius:
291 1808 392 1891 Quasi
399 1808 433 1870 in
439 1807 508 1872 ictu
516 1808 604 1872 oculi
611 1807 683 1872 linit
689 1808 791 1898 gloria
802 1808 932 1891 mundi,
941 1825 972 1872 et

172 1952 251 1994 cura
262 1928 384 2019 fragilis
393 1943 521 1992 maneat
530 1949 597 1992 non
614 1929 970 2017 exoptantemsevidet

389 2191 584 2260 FABULA
609 2192 750 2260 XXVI.

214 2419 461 2485 Proverbialiter
487 2418 786 2483 dicunt-socratem
809 2419 968 2484 seculares

170 2543 326 2607 tumultus
347 2539 543 2605 devitantem
560 2556 592 2604 et
611 2557 769 2629 agrestem
788 2539 888 2604 vitam
908 2563 968 2604 cu·

168 2663 310 2751 pientem
327 2683 441 2725 nemus
457 2662 632 2726 incoluisse
644 2677 677 2726 et
693 2661 813 2750 tugurii
826 2661 902 2726 loco
916 2660 967 2726 di·

168 2780 306 2847 midium
323 2780 518 2844 inhabitasse
535 2780 683 2863 dolium,
716 2781 808 2860 cujus
826 2779 967 2844 fundum

167 2918 264 2968 vento
273 2899 461 2989 opponebat
476 2915 508 2963 et
519 2899 634 2983 imbri,
649 2917 681 2965 et
693 2899 783 2988 quod
796 2917 865 2964 erat
874 2923 968 2989 aper·

167 3043 236 3090 tum
250 3022 398 3105 jocundo
413 3021 490 3103 soli,
511 3045 608 3109 quem
624 3039 792 3087 venatores
805 3021 903 3111 Regis
920 3022 967 3085 in·

165 3161 298 3209 ventum
317 3141 397 3205 dum
412 3141 615 3205 intuerentur
636 3157 668 3204 et
680 3140 855 3205 illuderent
869 3137 965 3228 pedi-

168 3265 256 3327 culos
283 3264 496 3327 suffocantem
524 3277 692 3350 coeperunt
719 3276 864 3326 avertere
889 3260 964 3324 solis

167 3381 330 3446 radiorum
357 3382 573 3446 amenitatem.
604 3380 732 3463 Quibus
757 3379 809 3443 ille
836 3377 962 3467 placido
