2286 4238
554 348 597 404 b
618 331 660 406 64
682 343 726 400 ι

248 452 394 516 fecimus.
409 451 450 514 Et
459 449 629 512 extrahens
639 447 800 512 lintheum
810 447 931 529 vetula,
945 471 1044 534 quan·

250 587 319 634 tum
345 569 451 657 potuit
471 590 575 631 unum
597 589 700 631 cornu
726 566 811 631 illius
836 567 981 649 sustulit,
1011 587 1045 632 et

248 689 384 752 alterum
394 687 466 751 filiae
475 685 713 753 sublevandum
729 684 837 766 dedit,
855 687 967 773 sicque
977 688 1041 751 lin·

249 807 325 871 theo
345 823 476 871 extenso
496 804 626 871 delusus
646 820 693 870 ost
713 805 846 873 mhritus
871 827 1043 892 quousque

249 928 305 1013 qui
333 928 468 989 latuerat
489 925 697 1014 egrederetur
719 926 853 991 amicus.
880 929 976 991 Tunc
1000 929 1046 990 ait

250 1045 321 1108 filiae
341 1069 405 1109 suae
428 1070 435 1109 ε
456 1045 601 1110 Extende
619 1045 779 1110 lintheum
803 1069 902 1133 super
921 1047 1043 1111 lectum

251 1166 356 1228 mariti
380 1166 448 1245 tui,
477 1166 552 1251 quia
581 1166 731 1228 manibus
750 1167 813 1229 tuis
837 1183 870 1228 et
894 1166 973 1229 meis
997 1184 1046 1230 est

251 1285 467 1371 compositum
486 1301 517 1347 et
533 1301 729 1348 contextum.
750 1286 811 1348 Cui
827 1287 960 1349 maritus
977 1309 984 1351 :
1004 1289 1046 1350 Et

251 1422 304 1484 tu,
329 1404 477 1485 domina,
497 1405 558 1467 scis
582 1406 643 1468 tale
661 1407 821 1470 lintheum
842 1409 1044 1496 praeparare?

252 1523 293 1583 Et
307 1522 359 1583 illa
373 1545 380 1585 :
394 1522 423 1583 0
440 1521 499 1601 fili,
517 1523 618 1585 multa
633 1523 822 1602 hujusmodi
835 1527 1020 1612 praeparavi.

295 1880 348 1943 Ad
363 1882 433 1944 haec
450 1880 648 1969 discipulus:
663 1883 811 1949 Mirabile
823 1886 904 1972 quid
918 1885 1044 1968 audivi,

253 2000 1047 2092 sedvellemampliusmeinstruer‘es‚qrriaquanto
1103 2090 1107 2097 1

251 2123 323 2210 plus
342 2124 509 2211 ingenium
527 2125 655 2192 illarum
670 2125 817 2205 attend0‚
839 2142 927 2189 tanto
946 2128 1047 2214 magia

250 2243 294 2307 ad
306 2245 371 2307 mei
381 2244 562 2314 custodiam
574 2268 721 2311 exacuor.
734 2247 915 2334 Respondit
927 2249 1046 2335 magis-

252 2379 301 2426 ter
316 2387 323 2425 ε
338 2363 456 2428 Adhuc
472 2365 532 2429 tihi
547 2365 653 2429 dicam
668 2367 757 2431 etsie
772 2367 832 2433 tihi
848 2366 889 2431 ad
904 2369 1046 2431 instruc-

247 2478 374 2545 ‘fionem
385 2486 530 2571 exempla
542 2503 651 2555 nostra
659 2485 831 2555 sufficient.
843 2488 1047 2575 Discipulus,

254 2615 291 2662 ut
305 2600 418 2686 placet.
