2286 4238
504 372 548 428 ς»
570 357 612 422 80
634 372 678 431 <a

242 473 427 561 Discipulus
450 476 602 564 magistro
628 478 849 566 :Numquam
876 483 989 547 audivi

190 609 255 657 tam
266 593 413 658 mirabile
430 593 521 681 quod
535 613 568 659 et
582 613 663 684 puto
679 595 749 661 fieri
760 616 828 664 arte
845 600 985 689 dyaboli.

190 715 371 804 Magister:
395 715 445 779 No
472 714 614 780 dubites.
637 717 824 805 Discipulus
853 723 986 809 :Spero

188 832 279 921 quod
289 834 317 897 si
327 835 399 919 quis
410 850 474 896 tam
484 834 612 920 sapiens
622 834 684 899 erit
694 852 866 924 utsemper
876 840 987 904 timeat

187 976 221 1018 se
232 976 326 1041 posse
337 953 445 1041 decipi
456 971 523 1018 arte
531 955 688 1036 mulieris,
702 956 836 1020 forsitan
846 958 887 1022 ab
898 959 983 1024 illius

186 1075 317 1164 ingenio
336 1099 370 1139 se
387 1075 551 1140 custodire
567 1075 694 1140 valebit
714 1077 892 1166 Magister:
911 1082 982 1145 Au·

185 1195 253 1259 divi
264 1194 305 1258 de
314 1195 457 1282 quodam
466 1196 599 1260 homine
607 1197 665 1283 qui
675 1197 814 1261 multum
824 1198 984 1264 laboravit

185 1333 222 1380 ut
233 1339 326 1381 suam
342 1317 534 1397 custodiret,
555 1316 613 1382 sed
628 1317 710 1380 nihil
723 1320 855 1404 profuit.
873 1322 980 1384 Disci-

182 1437 280 1525 pulus
296 1439 467 1525 magistro:
482 1438 544 1500 Die
560 1438 641 1500 mihi
652 1437 734 1524 quid
749 1439 842 1520 fecit,
860 1456 897 1504 ut
913 1464 980 1504 me·

180 1555 243 1619 lius
252 1557 369 1638 sciam,
386 1558 413 1620 si
427 1579 525 1643 quam
542 1554 684 1638 duxero,
701 1557 788 1622 illam
801 1559 984 1631 custodire,

182 1674 344 1764 Magister.

417 2024 621 2092 FABULA
646 2027 741 2095 XII.

217 2303 360 2386 Quidam
370 2303 498 2383 juvenis
508 2303 571 2366 fuit
580 2304 638 2389 qui
648 2317 748 2366 totam
758 2304 973 2368 intentionem
1003 2375 1009 2384 ‚

173 2443 265 2484 suam
282 2438 314 2484 et
328 2438 433 2485 totum
449 2436 583 2521 sensum
597 2437 631 2484 et
645 2419 873 2485 adhue-totum
888 2438 972 2486 tem·

172 2563 233 2629 pus
246 2564 343 2604 suum
356 2543 443 2606 misit
456 2541 573 2606 adhoc
587 2558 628 2605 ut
638 2542 736 2605 sciret
746 2541 969 2606 omnimodam

172 2675 273 2722 artem
292 2659 452 2742 mulieris,
473 2678 505 2724 et
524 2662 589 2725 hoe
615 2663 699 2725 facto
726 2662 829 2724 voluit
849 2660 972 2725 ducere

170 2803 316 2844 uxorem.
333 2779 398 2844 Sed
412 2781 562 2866 primitus
575 2783 717 2869 perrexit
727 2804 872 2868 quaerere
891 2803 969 2845 con-

169 2903 277 2966 silium
305 2919 338 2965 et
355 2902 582 2989 sapientiorem
606 2903 691 2966 illius
716 2904 860 2991 regionis
890 2902 970 2966 adiit

168 3020 346 3084 hominem.
375 3019 522 3102 Qualiter
546 3019 711 3084 custodire
734 3035 844 3108 posset
870 3043 967 3106 quam

169 3141 290 3207 ducere
318 3142 449 3205 volebat
479 3143 627 3228 quaesivit
655 3165 803 3206 uxorem.
833 3142 966 3229 Sapiens

167 3283 244 3324 vero
257 3262 322 3325 hoe
341 3261 478 3325 audiens
495 3263 558 3326 sibi
575 3261 667 3326 dedit
684 3261 857 3325 consilium
876 3261 967 3348 quod

167 3395 369 3444 construeret
381 3380 517 3445 domum
535 3381 605 3445 altis
621 3382 799 3477 parietibus
810 3381 961 3471 lapideis,
990 3402 997 3417 ·
