<?xml version="1.0" encoding="UTF-8"?>
<!DOCTYPE html PUBLIC "-//W3C//DTD XHTML 1.0 Transitional//EN"
    "http://www.w3.org/TR/xhtml1/DTD/xhtml1-transitional.dtd">
<html xmlns="http://www.w3.org/1999/xhtml" xml:lang="en" lang="en">
 <head>
  <title>
</title>
<meta http-equiv="Content-Type" content="text/html;charset=utf-8" />
  <meta name='ocr-system' content='tesseract 3.04.00' />
  <meta name='ocr-capabilities' content='ocr_page ocr_carea ocr_par ocr_line ocrx_word'/>
</head>
<body>
  <div class='ocr_page' id='page_1' title='image "./disciplinedecle00labogoog_0042.png"; bbox 0 0 2286 4238; ppageno 0'>
   <div class='ocr_carea' id='block_1_1' title="bbox 606 364 777 424">
    <p class='ocr_par' dir='ltr' id='par_1_1' title="bbox 606 364 777 424">
     <span class='ocr_line' id='line_1_1' title="bbox 606 364 777 424; baseline -0.023 0"><span class='ocrx_word' id='word_1_1' title='bbox 606 364 777 424; x_wconf 52' lang='grc' dir='ltr'><strong>»ΙΝ</strong></span> 
     </span>
    </p>
   </div>
   <div class='ocr_carea' id='block_1_2' title="bbox 562 641 815 708">
    <p class='ocr_par' dir='ltr' id='par_1_2' title="bbox 562 641 815 708">
     <span class='ocr_line' id='line_1_2' title="bbox 562 641 815 708; baseline 0 -2"><span class='ocrx_word' id='word_1_2' title='bbox 562 641 759 708; x_wconf 80' lang='lat' dir='ltr'><strong>FABULA</strong></span> <span class='ocrx_word' id='word_1_3' title='bbox 786 643 815 706; x_wconf 89' lang='lat'><strong>1.</strong></span> 
     </span>
    </p>
   </div>
   <div class='ocr_carea' id='block_1_3' title="bbox 291 884 1091 1275">
    <p class='ocr_par' dir='ltr' id='par_1_3' title="bbox 291 884 1091 1275">
     <span class='ocr_line' id='line_1_3' title="bbox 294 884 1091 1071; baseline 0.006 -58"><span class='ocrx_word' id='word_1_4' title='bbox 294 884 443 1071; x_wconf 57' lang='lat' dir='ltr'><strong>ſsrabs</strong></span> <span class='ocrx_word' id='word_1_5' title='bbox 453 949 629 1012; x_wconf 86' lang='lat' dir='ltr'><strong>moriturus</strong></span> <span class='ocrx_word' id='word_1_6' title='bbox 639 966 752 1013; x_wconf 87' lang='lat' dir='ltr'><strong>vocato</strong></span> <span class='ocrx_word' id='word_1_7' title='bbox 761 949 829 1013; x_wconf 90' lang='lat' dir='ltr'><strong>filio</strong></span> <span class='ocrx_word' id='word_1_8' title='bbox 838 972 898 1015; x_wconf 89' lang='lat' dir='ltr'><strong>suo</strong></span> <span class='ocrx_word' id='word_1_9' title='bbox 908 950 1091 1036; x_wconf 70' lang='lat' dir='ltr'><strong>dixittliic,</strong></span> 
     </span>
     <span class='ocr_line' id='line_1_4' title="bbox 292 1069 1091 1158; baseline 0.001 -23"><span class='ocrx_word' id='word_1_10' title='bbox 292 1069 348 1153; x_wconf 87' lang='lat' dir='ltr'><strong>fili,</strong></span> <span class='ocrx_word' id='word_1_11' title='bbox 356 1088 437 1158; x_wconf 90' lang='lat' dir='ltr'><strong>quot</strong></span> <span class='ocrx_word' id='word_1_12' title='bbox 449 1071 527 1150; x_wconf 92' lang='lat' dir='ltr'><strong>tibi,</strong></span> <span class='ocrx_word' id='word_1_13' title='bbox 536 1069 615 1134; x_wconf 93' lang='lat' dir='ltr'><strong>dum</strong></span> <span class='ocrx_word' id='word_1_14' title='bbox 625 1071 748 1153; x_wconf 81' lang='lat' dir='ltr'><strong>vixisti,</strong></span> <span class='ocrx_word' id='word_1_15' title='bbox 757 1072 944 1158; x_wconf 86' lang='lat' dir='ltr'><strong>acquisieris</strong></span> <span class='ocrx_word' id='word_1_16' title='bbox 953 1073 1091 1138; x_wconf 82' lang='lat' dir='ltr'><strong>amicos?</strong></span> 
     </span>
     <span class='ocr_line' id='line_1_5' title="bbox 291 1185 1090 1275; baseline 0 -25"><span class='ocrx_word' id='word_1_17' title='bbox 291 1187 505 1275; x_wconf 87' lang='lat' dir='ltr'><strong>Respondens</strong></span> <span class='ocrx_word' id='word_1_18' title='bbox 516 1185 601 1249; x_wconf 90' lang='lat' dir='ltr'><strong>filius</strong></span> <span class='ocrx_word' id='word_1_19' title='bbox 613 1185 710 1248; x_wconf 81' lang='lat' dir='ltr'>dixit:</span> <span class='ocrx_word' id='word_1_20' title='bbox 722 1186 860 1249; x_wconf 89' lang='lat' dir='ltr'><strong>Centum</strong></span> <span class='ocrx_word' id='word_1_21' title='bbox 869 1233 878 1267; x_wconf 92' lang='lat'><strong>,</strong></span> <span class='ocrx_word' id='word_1_22' title='bbox 888 1202 927 1249; x_wconf 90' lang='lat' dir='ltr'><strong>ut</strong></span> <span class='ocrx_word' id='word_1_23' title='bbox 936 1188 1090 1269; x_wconf 84' lang='lat' dir='ltr'>arbitror,</span> 
     </span>
    </p>
   </div>
   <div class='ocr_carea' id='block_1_4' title="bbox 293 1305 1090 1394">
    <p class='ocr_par' dir='ltr' id='par_1_4' title="bbox 293 1305 1090 1394">
     <span class='ocr_line' id='line_1_6' title="bbox 293 1305 1090 1394; baseline 0 -25"><span class='ocrx_word' id='word_1_24' title='bbox 293 1307 449 1394; x_wconf 87' lang='lat' dir='ltr'>acquisivi</span> <span class='ocrx_word' id='word_1_25' title='bbox 472 1306 603 1370; x_wconf 88' lang='lat' dir='ltr'><strong>amicos.</strong></span> <span class='ocrx_word' id='word_1_26' title='bbox 622 1305 712 1368; x_wconf 83' lang='lat' dir='ltr'>Dixit</span> <span class='ocrx_word' id='word_1_27' title='bbox 732 1321 837 1391; x_wconf 89' lang='lat' dir='ltr'><strong>pater,</strong></span> <span class='ocrx_word' id='word_1_28' title='bbox 855 1306 931 1390; x_wconf 88' lang='lat' dir='ltr'><strong>quia</strong></span> <span class='ocrx_word' id='word_1_29' title='bbox 945 1305 1090 1392; x_wconf 91' lang='lat' dir='ltr'><strong>philoso-</strong></span> 
     </span>
    </p>
   </div>
   <div class='ocr_carea' id='block_1_5' title="bbox 284 1421 1123 3428">
    <p class='ocr_par' dir='ltr' id='par_1_5' title="bbox 284 1421 1123 3428">
     <span class='ocr_line' id='line_1_7' title="bbox 284 1421 1090 1515; baseline 0 -23"><span class='ocrx_word' id='word_1_30' title='bbox 284 1421 378 1515; x_wconf 80' lang='lat' dir='ltr'><strong>¹phus</strong></span> <span class='ocrx_word' id='word_1_31' title='bbox 389 1428 470 1492; x_wconf 83' lang='lat' dir='ltr'><strong>dixit</strong></span> <span class='ocrx_word' id='word_1_32' title='bbox 484 1451 492 1490; x_wconf 76' lang='grc' dir='ltr'><em>τ</em></span> <span class='ocrx_word' id='word_1_33' title='bbox 505 1428 555 1490; x_wconf 88' lang='lat' dir='ltr'><strong>Nc</strong></span> <span class='ocrx_word' id='word_1_34' title='bbox 567 1426 684 1489; x_wconf 86' lang='lat' dir='ltr'><strong>laudes</strong></span> <span class='ocrx_word' id='word_1_35' title='bbox 696 1427 838 1490; x_wconf 88' lang='lat' dir='ltr'><strong>amicum</strong></span> <span class='ocrx_word' id='word_1_36' title='bbox 852 1426 957 1490; x_wconf 89' lang='lat' dir='ltr'><strong>donec</strong></span> <span class='ocrx_word' id='word_1_37' title='bbox 970 1428 1090 1514; x_wconf 83' lang='lat' dir='ltr'><strong>proba·</strong></span> 
     </span>
     <span class='ocr_line' id='line_1_8' title="bbox 293 1546 1093 1636; baseline -0.004 -24"><span class='ocrx_word' id='word_1_38' title='bbox 293 1551 377 1613; x_wconf 89' lang='lat' dir='ltr'><strong>veris</strong></span> <span class='ocrx_word' id='word_1_39' title='bbox 392 1571 478 1612; x_wconf 89' lang='lat' dir='ltr'><strong>eum.</strong></span> <span class='ocrx_word' id='word_1_40' title='bbox 498 1548 568 1636; x_wconf 84' lang='lat' dir='ltr'><strong>Ego</strong></span> <span class='ocrx_word' id='word_1_41' title='bbox 582 1546 715 1634; x_wconf 91' lang='lat' dir='ltr'><strong>quidem</strong></span> <span class='ocrx_word' id='word_1_42' title='bbox 733 1548 823 1635; x_wconf 91' lang='lat' dir='ltr'><strong>prior</strong></span> <span class='ocrx_word' id='word_1_43' title='bbox 843 1564 937 1611; x_wconf 90' lang='lat' dir='ltr'><strong>natus</strong></span> <span class='ocrx_word' id='word_1_44' title='bbox 954 1571 1046 1629; x_wconf 89' lang='lat' dir='ltr'><strong>sum,</strong></span> <span class='ocrx_word' id='word_1_45' title='bbox 1061 1563 1093 1611; x_wconf 89' lang='lat' dir='ltr'><strong>et</strong></span> 
     </span>
     <span class='ocr_line' id='line_1_9' title="bbox 291 1667 1091 1755; baseline 0.006 -24"><span class='ocrx_word' id='word_1_46' title='bbox 291 1669 389 1731; x_wconf 92' lang='lat' dir='ltr'><strong>unius</strong></span> <span class='ocrx_word' id='word_1_47' title='bbox 417 1667 650 1732; x_wconf 81' lang='lat' dir='ltr'><strong>dimidietatem</strong></span> <span class='ocrx_word' id='word_1_48' title='bbox 677 1668 730 1731; x_wconf 85' lang='lat' dir='ltr'><strong>vix</strong></span> <span class='ocrx_word' id='word_1_49' title='bbox 752 1669 834 1731; x_wconf 92' lang='lat' dir='ltr'><strong>mihi</strong></span> <span class='ocrx_word' id='word_1_50' title='bbox 857 1669 1033 1755; x_wconf 80' lang='lat' dir='ltr'><strong>acquisivi3</strong></span> <span class='ocrx_word' id='word_1_51' title='bbox 1055 1686 1091 1736; x_wconf 91' lang='lat' dir='ltr'><strong>tu</strong></span> 
     </span>
     <span class='ocr_line' id='line_1_10' title="bbox 289 1785 1090 1875; baseline 0.002 -26"><span class='ocrx_word' id='word_1_52' title='bbox 289 1810 367 1875; x_wconf 85' lang='lat' dir='ltr'><strong>crgo</strong></span> <span class='ocrx_word' id='word_1_53' title='bbox 385 1804 517 1851; x_wconf 90' lang='lat' dir='ltr'><strong>centum</strong></span> <span class='ocrx_word' id='word_1_54' title='bbox 536 1785 703 1874; x_wconf 91' lang='lat' dir='ltr'><strong>quomodo</strong></span> <span class='ocrx_word' id='word_1_55' title='bbox 718 1787 778 1850; x_wconf 87' lang='lat' dir='ltr'><strong>tibi</strong></span> <span class='ocrx_word' id='word_1_56' title='bbox 794 1787 983 1873; x_wconf 79' lang='lat' dir='ltr'><strong>acquisisti?</strong></span> <span class='ocrx_word' id='word_1_57' title='bbox 998 1788 1090 1854; x_wconf 87' lang='lat' dir='ltr'><strong>Vade</strong></span> 
     </span>
     <span class='ocr_line' id='line_1_11' title="bbox 289 1908 1088 1996; baseline 0.001 -27"><span class='ocrx_word' id='word_1_58' title='bbox 289 1908 388 1995; x_wconf 83' lang='lat' dir='ltr'><strong>igitur</strong></span> <span class='ocrx_word' id='word_1_59' title='bbox 404 1909 543 1996; x_wconf 87' lang='lat' dir='ltr'><strong>probare</strong></span> <span class='ocrx_word' id='word_1_60' title='bbox 566 1930 696 1987; x_wconf 88' lang='lat' dir='ltr'><strong>omnes,</strong></span> <span class='ocrx_word' id='word_1_61' title='bbox 716 1923 754 1969; x_wconf 91' lang='lat' dir='ltr'><strong>ut</strong></span> <span class='ocrx_word' id='word_1_62' title='bbox 768 1929 945 1994; x_wconf 82' lang='lat' dir='ltr'>cognoscas</span> <span class='ocrx_word' id='word_1_63' title='bbox 968 1908 996 1970; x_wconf 93' lang='lat' dir='ltr'><strong>si</strong></span> <span class='ocrx_word' id='word_1_64' title='bbox 1016 1909 1088 1995; x_wconf 88' lang='lat' dir='ltr'><strong>quis</strong></span> 
     </span>
     <span class='ocr_line' id='line_1_12' title="bbox 290 2014 1123 2115; baseline 0.001 -24"><span class='ocrx_word' id='word_1_65' title='bbox 290 2030 463 2094; x_wconf 91' lang='lat' dir='ltr'><strong>hominum</strong></span> <span class='ocrx_word' id='word_1_66' title='bbox 487 2028 549 2092; x_wconf 91' lang='lat' dir='ltr'><strong>tihi</strong></span> <span class='ocrx_word' id='word_1_67' title='bbox 576 2028 739 2115; x_wconf 88' lang='lat' dir='ltr'><strong>perfectus</strong></span> <span class='ocrx_word' id='word_1_68' title='bbox 762 2028 823 2090; x_wconf 89' lang='lat' dir='ltr'><strong>erit</strong></span> <span class='ocrx_word' id='word_1_69' title='bbox 846 2028 979 2091; x_wconf 89' lang='lat' dir='ltr'><strong>amicus.</strong></span> <span class='ocrx_word' id='word_1_70' title='bbox 1004 2014 1091 2114; x_wconf 87' lang='lat' dir='ltr'><strong>Dicit</strong></span> <span class='ocrx_word' id='word_1_71' title='bbox 1120 2099 1123 2105; x_wconf 57' lang='grc'>,</span> 
     </span>
     <span class='ocr_line' id='line_1_13' title="bbox 289 2147 1089 2236; baseline 0 -22"><span class='ocrx_word' id='word_1_72' title='bbox 289 2151 396 2214; x_wconf 87' lang='lat' dir='ltr'><strong>filius:</strong></span> <span class='ocrx_word' id='word_1_73' title='bbox 410 2147 586 2232; x_wconf 87' lang='lat' dir='ltr'><strong>Quomodo</strong></span> <span class='ocrx_word' id='word_1_74' title='bbox 599 2147 762 2211; x_wconf 75' lang='lat' dir='ltr'><strong>consulis?</strong></span> <span class='ocrx_word' id='word_1_75' title='bbox 773 2148 862 2211; x_wconf 90' lang='lat' dir='ltr'><strong>Dicit</strong></span> <span class='ocrx_word' id='word_1_76' title='bbox 869 2165 960 2236; x_wconf 87' lang='lat' dir='ltr'><strong>pater</strong></span> <span class='ocrx_word' id='word_1_77' title='bbox 974 2151 1089 2214; x_wconf 90' lang='lat' dir='ltr'><strong>:Vitu-</strong></span> 
     </span>
     <span class='ocr_line' id='line_1_14' title="bbox 287 2268 1089 2335; baseline 0.002 -2"><span class='ocrx_word' id='word_1_78' title='bbox 287 2272 357 2334; x_wconf 88' lang='lat' dir='ltr'><strong>lum</strong></span> <span class='ocrx_word' id='word_1_79' title='bbox 377 2271 585 2334; x_wconf 86' lang='lat' dir='ltr'><strong>interfectum</strong></span> <span class='ocrx_word' id='word_1_80' title='bbox 610 2285 643 2333; x_wconf 90' lang='lat' dir='ltr'><strong>et</strong></span> <span class='ocrx_word' id='word_1_81' title='bbox 668 2268 829 2332; x_wconf 82' lang='lat' dir='ltr'><strong>frustatim</strong></span> <span class='ocrx_word' id='word_1_82' title='bbox 858 2269 1089 2335; x_wconf 87' lang='lat' dir='ltr'><strong>comminatum</strong></span> 
     </span>
     <span class='ocr_line' id='line_1_15' title="bbox 289 2387 1091 2478; baseline 0.001 -25"><span class='ocrx_word' id='word_1_83' title='bbox 289 2392 323 2453; x_wconf 91' lang='lat' dir='ltr'><strong>in</strong></span> <span class='ocrx_word' id='word_1_84' title='bbox 335 2413 430 2453; x_wconf 87' lang='lat' dir='ltr'><strong>sacco</strong></span> <span class='ocrx_word' id='word_1_85' title='bbox 441 2412 581 2478; x_wconf 83' lang='lat' dir='ltr'><strong>repone,</strong></span> <span class='ocrx_word' id='word_1_86' title='bbox 595 2389 640 2452; x_wconf 89' lang='lat' dir='ltr'><strong>ita</strong></span> <span class='ocrx_word' id='word_1_87' title='bbox 651 2404 689 2450; x_wconf 89' lang='lat' dir='ltr'><strong>ut</strong></span> <span class='ocrx_word' id='word_1_88' title='bbox 699 2411 812 2451; x_wconf 88' lang='lat' dir='ltr'><strong>saccus</strong></span> <span class='ocrx_word' id='word_1_89' title='bbox 827 2387 1008 2452; x_wconf 86' lang='lat' dir='ltr'><strong>forinsecus</strong></span> <span class='ocrx_word' id='word_1_90' title='bbox 1023 2413 1091 2454; x_wconf 85' lang='lat' dir='ltr'><strong>san·</strong></span> 
     </span>
     <span class='ocr_line' id='line_1_16' title="bbox 290 2478 1090 2593; baseline 0.005 -27"><span class='ocrx_word' id='word_1_91' title='bbox 290 2505 389 2593; x_wconf 85' lang='lat' dir='ltr'><strong>guine</strong></span> <span class='ocrx_word' id='word_1_92' title='bbox 404 2505 542 2569; x_wconf 88' lang='lat' dir='ltr'><strong>infectus</strong></span> <span class='ocrx_word' id='word_1_93' title='bbox 557 2506 614 2586; x_wconf 91' lang='lat' dir='ltr'><strong>sit,</strong></span> <span class='ocrx_word' id='word_1_94' title='bbox 636 2521 757 2568; x_wconf 89' lang='lat' dir='ltr'><strong>etcum</strong></span> <span class='ocrx_word' id='word_1_95' title='bbox 776 2502 819 2565; x_wconf 88' lang='lat' dir='ltr'><strong>ad</strong></span> <span class='ocrx_word' id='word_1_96' title='bbox 836 2504 980 2567; x_wconf 89' lang='lat' dir='ltr'><strong>amicum</strong></span> <span class='ocrx_word' id='word_1_97' title='bbox 997 2478 1090 2570; x_wconf 72' lang='lat' dir='ltr'><strong>rene·</strong></span> 
     </span>
     <span class='ocr_line' id='line_1_17' title="bbox 288 2622 1089 2704; baseline 0.004 -18"><span class='ocrx_word' id='word_1_98' title='bbox 288 2625 347 2704; x_wconf 91' lang='lat' dir='ltr'><strong>ris,</strong></span> <span class='ocrx_word' id='word_1_99' title='bbox 366 2622 488 2687; x_wconf 91' lang='lat' dir='ltr'><strong>dicei:</strong></span> <span class='ocrx_word' id='word_1_100' title='bbox 510 2624 703 2704; x_wconf 83' lang='lat' dir='ltr'><strong>Hominem,</strong></span> <span class='ocrx_word' id='word_1_101' title='bbox 723 2646 796 2687; x_wconf 86' lang='lat' dir='ltr'><strong>care</strong></span> <span class='ocrx_word' id='word_1_102' title='bbox 815 2625 877 2704; x_wconf 92' lang='lat' dir='ltr'><strong>mi,</strong></span> <span class='ocrx_word' id='word_1_103' title='bbox 897 2623 981 2687; x_wconf 81' lang='lat' dir='ltr'><strong>forte</strong></span> <span class='ocrx_word' id='word_1_104' title='bbox 994 2625 1089 2689; x_wconf 84' lang='lat' dir='ltr'><strong>inter·</strong></span> 
     </span>
     <span class='ocr_line' id='line_1_18' title="bbox 287 2743 1088 2844; baseline 0.004 -38"><span class='ocrx_word' id='word_1_105' title='bbox 287 2743 367 2824; x_wconf 87' lang='lat' dir='ltr'><strong>feci,</strong></span> <span class='ocrx_word' id='word_1_106' title='bbox 383 2765 464 2830; x_wconf 83' lang='lat' dir='ltr'><strong>rogo</strong></span> <span class='ocrx_word' id='word_1_107' title='bbox 480 2758 511 2805; x_wconf 90' lang='lat' dir='ltr'><strong>te</strong></span> <span class='ocrx_word' id='word_1_108' title='bbox 527 2760 565 2805; x_wconf 94' lang='lat' dir='ltr'><strong>ut</strong></span> <span class='ocrx_word' id='word_1_109' title='bbox 584 2766 660 2807; x_wconf 91' lang='lat' dir='ltr'><strong>eum</strong></span> <span class='ocrx_word' id='word_1_110' title='bbox 677 2760 801 2807; x_wconf 88' lang='lat' dir='ltr'><strong>secreto</strong></span> <span class='ocrx_word' id='word_1_111' title='bbox 818 2743 970 2830; x_wconf 86' lang='lat' dir='ltr'><strong>sepelias,</strong></span> <span class='ocrx_word' id='word_1_112' title='bbox 990 2767 1088 2844; x_wconf 70' lang='lat' dir='ltr'><strong>nemo</strong></span> 
     </span>
     <span class='ocr_line' id='line_1_19' title="bbox 289 2864 1089 2950; baseline 0.004 -23"><span class='ocrx_word' id='word_1_113' title='bbox 289 2864 376 2927; x_wconf 89' lang='lat' dir='ltr'><strong>enim</strong></span> <span class='ocrx_word' id='word_1_114' title='bbox 398 2879 429 2925; x_wconf 88' lang='lat' dir='ltr'><strong>tc</strong></span> <span class='ocrx_word' id='word_1_115' title='bbox 448 2870 635 2950; x_wconf 89' lang='lat' dir='ltr'><strong>suspectum</strong></span> <span class='ocrx_word' id='word_1_116' title='bbox 655 2864 806 2947; x_wconf 85' lang='lat' dir='ltr'><strong>habebit,</strong></span> <span class='ocrx_word' id='word_1_117' title='bbox 827 2866 939 2950; x_wconf 91' lang='lat' dir='ltr'><strong>sicque</strong></span> <span class='ocrx_word' id='word_1_118' title='bbox 960 2889 1013 2929; x_wconf 87' lang='lat' dir='ltr'><strong>me</strong></span> <span class='ocrx_word' id='word_1_119' title='bbox 1033 2867 1089 2930; x_wconf 84' lang='lat' dir='ltr'><strong>sal·</strong></span> 
     </span>
     <span class='ocr_line' id='line_1_20' title="bbox 287 2983 1086 3073; baseline 0.004 -27"><span class='ocrx_word' id='word_1_120' title='bbox 287 3006 363 3046; x_wconf 82' lang='lat' dir='ltr'><strong>varc</strong></span> <span class='ocrx_word' id='word_1_121' title='bbox 372 2983 504 3071; x_wconf 91' lang='lat' dir='ltr'><strong>poteris.</strong></span> <span class='ocrx_word' id='word_1_122' title='bbox 514 2983 615 3046; x_wconf 86' lang='lat' dir='ltr'><strong>Filius</strong></span> <span class='ocrx_word' id='word_1_123' title='bbox 626 2984 704 3048; x_wconf 86' lang='lat' dir='ltr'><strong>fecit</strong></span> <span class='ocrx_word' id='word_1_124' title='bbox 715 2986 898 3073; x_wconf 84' lang='lat' dir='ltr'><strong>sicutpater</strong></span> <span class='ocrx_word' id='word_1_125' title='bbox 907 2985 1086 3073; x_wconf 86' lang='lat' dir='ltr'><strong>imperavit.</strong></span> 
     </span>
     <span class='ocr_line' id='line_1_21' title="bbox 289 3081 1086 3190; baseline 0.005 -25"><span class='ocrx_word' id='word_1_126' title='bbox 289 3081 416 3166; x_wconf 85' lang='lat' dir='ltr'><strong>Primus</strong></span> <span class='ocrx_word' id='word_1_127' title='bbox 429 3103 553 3165; x_wconf 88' lang='lat' dir='ltr'><strong>amicus</strong></span> <span class='ocrx_word' id='word_1_128' title='bbox 565 3102 607 3164; x_wconf 86' lang='lat' dir='ltr'><strong>ad</strong></span> <span class='ocrx_word' id='word_1_129' title='bbox 620 3127 717 3190; x_wconf 91' lang='lat' dir='ltr'><strong>quem</strong></span> <span class='ocrx_word' id='word_1_130' title='bbox 729 3105 831 3185; x_wconf 89' lang='lat' dir='ltr'><strong>venit,</strong></span> <span class='ocrx_word' id='word_1_131' title='bbox 844 3104 944 3168; x_wconf 83' lang='lat' dir='ltr'><strong>dixit:</strong></span> <span class='ocrx_word' id='word_1_132' title='bbox 959 3106 1023 3168; x_wconf 87' lang='lat' dir='ltr'><strong>Fer</strong></span> <span class='ocrx_word' id='word_1_133' title='bbox 1037 3123 1086 3169; x_wconf 91' lang='lat' dir='ltr'><strong>te·</strong></span> 
     </span>
     <span class='ocr_line' id='line_1_22' title="bbox 289 3224 1085 3311; baseline 0.01 -28"><span class='ocrx_word' id='word_1_134' title='bbox 289 3243 364 3284; x_wconf 93' lang='lat' dir='ltr'><strong>cum</strong></span> <span class='ocrx_word' id='word_1_135' title='bbox 379 3239 544 3286; x_wconf 89' lang='lat' dir='ltr'><strong>mortuum</strong></span> <span class='ocrx_word' id='word_1_136' title='bbox 560 3246 657 3311; x_wconf 90' lang='lat' dir='ltr'><strong>super</strong></span> <span class='ocrx_word' id='word_1_137' title='bbox 673 3224 793 3287; x_wconf 90' lang='lat' dir='ltr'><strong>collum</strong></span> <span class='ocrx_word' id='word_1_138' title='bbox 811 3239 924 3307; x_wconf 69' lang='lat' dir='ltr'><strong>tuum,</strong></span> <span class='ocrx_word' id='word_1_139' title='bbox 940 3226 1025 3291; x_wconf 92' lang='lat' dir='ltr'><strong>sicut</strong></span> <span class='ocrx_word' id='word_1_140' title='bbox 1037 3227 1085 3291; x_wconf 86' lang='lat' dir='ltr'><strong>fe·</strong></span> 
     </span>
     <span class='ocr_line' id='line_1_23' title="bbox 289 3339 1086 3428; baseline 0.014 -26"><span class='ocrx_word' id='word_1_141' title='bbox 289 3339 360 3403; x_wconf 90' lang='lat' dir='ltr'><strong>cisti</strong></span> <span class='ocrx_word' id='word_1_142' title='bbox 386 3341 521 3423; x_wconf 89' lang='lat' dir='ltr'><strong>malum,</strong></span> <span class='ocrx_word' id='word_1_143' title='bbox 545 3360 654 3428; x_wconf 86' lang='lat' dir='ltr'><strong>patere</strong></span> <span class='ocrx_word' id='word_1_144' title='bbox 677 3343 945 3426; x_wconf 88' lang='lat' dir='ltr'><strong>satisfactionem,</strong></span> <span class='ocrx_word' id='word_1_145' title='bbox 966 3347 1000 3410; x_wconf 89' lang='lat' dir='ltr'><strong>in</strong></span> <span class='ocrx_word' id='word_1_146' title='bbox 1024 3347 1086 3415; x_wconf 90' lang='lat' dir='ltr'><strong>do-</strong></span> 
     </span>
    </p>
   </div>
   <div class='ocr_carea' id='block_1_6' title="bbox 0 0 1148 4238">
    <p class='ocr_par' dir='ltr' id='par_1_6' title="bbox 0 0 1148 4238">
     <span class='ocr_line' id='line_1_24' title="bbox 0 0 1148 4238; baseline 0 1"><span class='ocrx_word' id='word_1_147' title='bbox 0 0 1148 4238; x_wconf 95' lang='lat' dir='ltr'><strong> </strong></span> 
     </span>
    </p>
   </div>
  </div>
 </body>
</html>
