2286 4238
473 371 517 428 a·
543 358 604 440 194
625 370 668 428 ε

173 477 325 542 ultimum
348 473 422 538 data
437 475 522 538 sicut
532 475 598 555 jam
618 473 659 539 de
678 476 828 543 conteso
844 494 971 543 senten.

175 597 218 661 tia
235 617 359 659 amaras
377 593 514 658 audiens
534 594 692 683 hystorias
717 595 888 684 capitalem
905 621 972 662 scn-

175 717 308 781 tentiam
321 715 437 796 subiit,
456 716 513 801 qui
531 715 559 778 si
578 731 644 778 tam
664 737 768 804 prope
786 715 877 781 diern
895 740 970 782 ven-

172 853 284 902 turum
311 835 563 922 praecogitasset,
598 855 641 897 ne
668 833 746 898 loris
776 851 810 900 et
835 836 971 902 fustibus

172 955 365 1034 crederetur,
384 953 438 1017 vel
453 951 545 1041 quod
564 953 693 1042 gravius
714 956 833 1038 extitit,
856 979 900 1020 ne
921 980 971 1022 ca·

171 1077 239 1165 pite
251 1076 434 1164 privaretur
449 1075 660 1162 praecavisset

215 1196 308 1260 Alius
327 1195 544 1283 Philosophus
559 1194 662 1258 dixit:
677 1194 784 1274 Hujus
800 1196 911 1260 saeculi
924 1195 971 1260 di·

171 1317 256 1381 vitias
276 1331 353 1378 sunt
368 1314 559 1379 nancitoriae
577 1314 663 1377 sicut
683 1314 828 1379 hominis
849 1316 972 1380 somnia

173 1436 381 1516 dormientis,
392 1435 450 1521 qui
459 1434 612 1523 evigilans
623 1457 838 1522 quascumque
850 1437 972 1500 babue-

172 1573 223 1620 rat
232 1557 266 1619 in
278 1555 456 1643 aperiendo
471 1555 585 1618 oculos
594 1555 894 1644 irrecuperabiliter
904 1578 972 1646 per·

173 1673 223 1737 dit
236 1674 324 1739 sicut
341 1674 440 1762 vulgo
459 1673 588 1738 dicitur.

387 1968 594 2035 FABULA
618 1968 760 2036 XXIX.
788 1957 795 1969 ’

214 2166 324 2254 Opilio
331 2164 462 2253 quidam
471 2165 505 2227 in
516 2163 638 2228 somnis
651 2163 737 2227 nrille
749 2186 827 2228 oves
837 2165 968 2248 habuit,

171 2306 250 2374 quas
263 2306 382 2374 magno
393 2281 526 2371 quidam
545 2281 678 2369 cupiens
691 2304 800 2346 emere
811 2299 850 2347 ut
866 2285 970 2348 carius

170 2407 341 2488 venderet,
361 2406 447 2469 sicut
461 2403 635 2469 somnianti
650 2403 757 2467 visum
770 2403 892 2487 fuerat,
911 2427 970 2493 pro

145 2568 146 2572 =
169 2550 366 2617 unaquaque
391 2526 474 2592 duos
502 2523 622 2591 solidos
644 2524 722 2591 dare
744 2526 884 2591 volebat
907 2525 971 2591 Sed

170 2647 404 2735 quivendebat
422 2668 497 2709 cum
519 2642 649 2707 duobus
668 2643 778 2707 solidis
800 2642 971 2709 denarium

170 2766 212 2831 de
232 2784 428 2850 unaquaque
446 2763 519 2849 plus
536 2762 700 2850 poscebat.
722 2761 788 2824 Illis
806 2760 847 2825 de
866 2762 971 2850 pretio

170 2882 461 2961 contendentibus,
481 2880 545 2943 hoc
557 2881 656 2944 modo
676 2902 811 2943 somnus
824 2882 970 2963 evanuit;

168 3008 228 3073 sed
239 3004 406 3085 venditor,
426 3000 504 3065 dum
522 3022 591 3064 esse
611 2999 775 3062 somnium
795 3000 970 3087 comperit,

168 3151 235 3192 non
255 3124 372 3212 apertis
395 3121 497 3184 oculis
519 3119 657 3181 clamare
679 3117 793 3205 caepit:
808 3117 871 3180 Pro
889 3139 971 3180 una·

169 3266 297 3332 quaque
306 3241 388 3305 mihi
399 3239 514 3329 viginti
525 3238 670 3325 quinque
682 3235 833 3301 denarios
846 3235 969 3316 tribue,

167 3379 199 3426 et
218 3378 378 3450 quotquot
397 3375 474 3425 sunt
492 3375 602 3423 tecum
621 3355 742 3422 abduc.
