2286 4238
571 372 613 426 {a
636 357 678 438 94
701 374 743 422 σε

256 492 385 564 gentato
406 475 519 564 ligatos
541 497 617 537 curn
635 475 730 538 bonis
746 474 826 538 seris
842 496 951 538 emere
968 488 1000 536 et
1016 472 1058 538 ad

255 603 389 666 domurn
414 603 465 667 sui
493 603 631 690 hospitis
655 602 791 682 afferre,
826 602 1057 689 lapidibusque

253 730 462 819 comminutis
481 730 628 817 implere.
648 730 691 792 At
707 730 775 816 ipse
788 729 830 792 ita
846 729 921 816 egit.
937 727 1057 791 Mulier

252 881 330 921 vero
343 875 381 921 ut
396 856 479 920 vidit
491 852 603 920 omnia
618 856 669 919 illa
685 879 757 942 quae
771 871 970 942 praeceperat
985 878 1055 919 esse

251 1003 378 1073 parata,
399 986 443 1048 ait
462 1008 470 1048 z
489 984 588 1048 Nunc
606 983 720 1047 decem
733 984 883 1046 homines
900 984 1054 1071 perquire

250 1115 307 1200 qui
326 1131 439 1177 euntes
459 1113 501 1177 ad
522 1113 659 1177 domum
686 1113 771 1176 illius
791 1113 848 1199 qui
869 1128 900 1175 te
925 1111 1056 1201 decepit

249 1266 381 1307 mecum
402 1260 531 1306 etcum
552 1242 641 1306 socio
665 1259 721 1305 tuo
747 1241 895 1304 deferant
914 1242 1052 1305 scrinios

248 1395 333 1435 unus
352 1390 426 1459 post
443 1372 544 1434 alium
563 1372 731 1434 venientes
749 1369 865 1433 ordine
887 1370 1002 1458 longo,
1021 1388 1053 1434 et

247 1523 345 1585 quani
360 1502 425 1564 cito
440 1500 567 1587 primus
581 1499 708 1561 venerit
725 1495 767 1559 ad
784 1496 921 1561 domum
940 1498 1050 1560 homi·

247 1627 296 1689 nis
314 1627 372 1711 qui
392 1625 575 1712 tedecepit
592 1642 624 1688 et
640 1625 823 1712 requiescet
838 1625 902 1706 ibi,
924 1625 1000 1688 veni
1018 1641 1051 1687 et

246 1756 409 1842 interroga
426 1755 622 1841 pecuniam,
642 1771 675 1817 et
694 1777 755 1842 ego
777 1770 841 1825 tam
861 1753 992 1819 confido
1014 1755 1048 1819 in

245 1884 353 1951 Deum
370 1883 460 1968 quod
480 1882 608 1947 reddita
629 1883 690 1946 tibi
707 1899 763 1947 tua
778 1883 919 1970 pecunia
936 1883 1047 1949 fuerit

245 2013 289 2075 At
300 2013 368 2100 ipse
384 2014 481 2076 sicuti
500 2013 608 2078 venda
621 2013 761 2092 jusserat
778 2013 875 2094 fecit,
895 2037 969 2100 quae
979 2037 1048 2078 non

243 2142 342 2206 oblita
363 2143 485 2230 incepti
501 2142 592 2228 quod
609 2160 822 2231 praeccperat,
841 2147 904 2208 iter
923 2146 1048 2233 incepit

243 2287 275 2332 et
287 2270 377 2333 venit
391 2293 467 2333 cum
479 2271 570 2334 socio
585 2269 713 2358 decepti
722 2270 764 2334 ad
780 2271 915 2335 domurn
926 2272 1045 2361 decep·

243 2400 321 2461 toris
342 2415 375 2461 et
396 2400 524 2486 inquit:
544 2399 686 2481 Quidam
702 2400 804 2462 homo
819 2399 859 2463 de
880 2400 1045 2488 Hyspania

242 2526 421 2612 hospitatus
444 2550 574 2590 mecum
593 2528 659 2591 fuit
676 2545 709 2591 et
726 2529 798 2593 vult
819 2527 916 2592 Mech
934 2528 1043 2610 adire,

241 2643 420 2743 quaeritque
435 2673 528 2720 antea
546 2660 720 2744 pecuniam
736 2683 828 2722 suam
850 2683 922 2746 quae
937 2676 986 2723 est
1006 2661 1042 2724 in

241 2785 355 2849 decem
371 2787 497 2849 scriniis
511 2787 701 2850 servandam
719 2789 816 2852 alicui
834 2789 961 2852 homini
978 2789 1042 2854 do-

239 2937 299 2978 nec
320 2931 501 2978 revertatur
523 2915 775 2980 commendare:
793 2939 911 3005 precor
930 2919 1042 3006 itaque

237 3061 274 3107 ut
289 3045 354 3106 mei
371 3067 466 3107 causa
483 3045 517 3106 in
534 3044 603 3107 aede
626 3061 682 3108 tua
704 3045 888 3126 custodias,
908 3063 940 3109 et
963 3049 1043 3135 quia

236 3169 346 3233 audivi
361 3188 393 3234 et
410 3172 478 3235 scio
493 3189 524 3235 te
541 3173 668 3235 bonum
681 3175 849 3237 hominem
862 3192 895 3238 et
907 3174 1041 3243 fidelem

237 3322 322 3380 esse,
349 3304 424 3366 nolo
446 3304 587 3389 aliquem
612 3303 711 3367 alium
734 3323 848 3392 praeter
871 3323 903 3372 te
929 3309 1040 3374 solum
