2286 4238
551 376 593 432 ξι·
621 361 680 423 106
703 375 747 429 Q

257 483 348 546 nellis
369 498 525 569 quantum
543 482 576 545 in
589 484 714 570 plenis,
734 483 816 545 scias
828 482 936 545 oleum
952 482 1056 547 fuisse

253 594 405 658 furatum.
428 597 469 658 Et
487 595 514 658 si
533 595 566 657 in
585 593 728 657 dimidiis
745 594 870 657 tonellis
889 595 1056 660 inveneris

252 708 347 770 talem
358 725 483 795 partem
495 707 712 795 spissitudinis
724 708 853 794 qualem
866 709 977 772 oleum
991 709 1057 773 cla·

252 842 326 883 rum
351 821 398 883 ibi
423 821 560 883 existens
582 821 679 908 exigit
699 819 789 906 quod
809 820 943 906 quidem
957 838 990 885 et
1014 822 1052 886 in

253 932 356 1018 plenis
375 932 501 996 tonellis
522 932 667 995 invenire
683 933 817 1018 potoris,
839 933 920 997 scias
939 932 1051 996 oleum

255 1044 428 1107 nonsuisse
438 1044 590 1107 hiratum.
605 1044 809 1107 Justitialiaec
823 1044 959 1109 audiens
974 1069 1053 1111 con·

256 1153 395 1219 firmarit
403 1156 585 1237 judicium,
603 1156 790 1242 factumque
802 1173 851 1219 est
860 1158 921 1238 ita,
938 1175 969 1221 et
982 1160 1049 1222 hoc

248 1267 347 1330 modo
361 1269 490 1347 juvenis
510 1268 609 1330 evasit
624 1290 721 1330 sensu
736 1268 936 1355 Philosophi.
953 1271 1047 1333 Fini-

249 1380 288 1443 tis
296 1380 421 1467 placitis
430 1380 559 1459 juvenis
570 1379 769 1466 Philosopho
779 1397 882 1466 grates
890 1379 1046 1446 reddidit.

249 1492 345 1554 Tunc
358 1491 575 1578 Philosophus
590 1492 634 1553 ait
649 1492 694 1553 illi
706 1515 712 1555 :
724 1493 954 1578 Numquamne
963 1493 1048 1558 illud

251 1603 444 1689 Philosophi
462 1602 598 1665 audisti?
613 1604 688 1666 Non
706 1626 792 1667 emas
808 1604 941 1668 domum
955 1624 1047 1671 ante·

248 1737 345 1800 quam
368 1737 542 1802 cognoscas
565 1717 720 1780 vicinum.
742 1717 795 1780 Ad
815 1719 879 1780 hoc
892 1718 1042 1796 juvenis:

182 1866 184 1871 ,
245 1827 390 1889 Primum
411 1829 585 1891 habuimus
606 1828 741 1893 domum
760 1848 931 1917 antequam
949 1833 1044 1910 juxta

243 1962 301 2002 nos
314 1940 542 2027 hospitaretur.
559 1942 620 2004 Cui
632 1942 849 2030 Philosophus
864 1967 871 2006 :
891 1944 1042 2011 Primum

246 2052 368 2116 vendas
385 2077 483 2140 quam
499 2077 628 2118 maneas
642 2055 732 2133 juxta
746 2056 867 2119 malum
880 2055 1075 2216 vicinumV

284 2246 496 2333 Discipulos:
520 2247 598 2309 Tale
620 2245 784 2325 judicium
807 2264 939 2334 apparet
965 2272 1040 2313 esse

159 2418 161 2422 .
240 2357 448 2445 Philosophi,
462 2375 495 2420 et
508 2359 572 2420 hoc
587 2375 635 2420 est
647 2359 746 2446 gratia
758 2360 828 2421 Dei.
840 2360 958 2423 Merito
974 2385 1036 2425 vo·

238 2486 327 2532 catus
348 2487 397 2533 est
412 2471 475 2533 hoc
492 2471 624 2532 nomine
643 2471 809 2533 Auxilium
825 2472 1036 2538 miserorum.

238 2582 362 2643 lterum
387 2581 594 2669 discipulus:
621 2583 689 2645 Etsi
711 2584 775 2662 jam
792 2583 902 2647 audita
924 2603 1037 2650 mente

237 2692 372 2756 sedeant
380 2692 421 2755 ad
432 2692 632 2758 audiendum
641 2697 733 2783 plura
748 2698 891 2761 incitant.
908 2699 1035 2786 Magis-

236 2823 285 2871 ter
297 2807 421 2895 inquit:
437 2807 589 2872 Libenter
603 2809 663 2872 tibi
673 2809 796 2894 dicam,
811 2829 844 2875 et
853 2812 899 2876 sic
914 2813 1034 2898 inquit.
