2286 4238
549 362 553 369 '
624 349 684 415 156
790 407 794 415 .

252 451 350 519 dicite
374 471 405 519 et
422 470 529 519 vestro
548 365 674 535 jbdicio
695 365 858 543 odnigere
877 454 1053 524 festinabo.

253 575 503 664 Philosophus:
531 577 580 639 De
608 575 830 639 criminalibus
851 576 888 639 in
914 600 1054 666 corpore

251 712 360 759 vestro
387 695 514 758 nullum
545 695 686 775 scimus,
710 716 772 757 nec
792 694 874 780 qiud
896 697 994 761 nobis
1020 713 1053 761 et

251 815 346 879 vobis
366 831 540 877 venturum
568 815 610 877 sit
635 815 882 902 cognoscimm3
909 817 970 880 sed
996 818 1052 881 bic

250 955 353 1020 prope
371 933 422 995 via
437 934 536 995 trium
548 932 676 995 dierum
693 950 839 999 moratur
849 934 984 1020 quidam
999 959 1053 1000 sa·

251 1054 344 1140 piens
363 1055 463 1117 borno
480 1055 612 1117 nomine
628 1054 812 1135 Marianus,
828 1056 886 1142 qui
902 1079 963 1144 per
978 1059 1054 1146 spi·

251 1173 352 1236 ritum
375 1176 528 1238 Sanctum
553 1175 706 1260 loquitur.
730 1174 784 1237 Ad
806 1197 883 1239 eum
908 1199 988 1265 ergo
1012 1177 1055 1242 de

252 1293 460 1383 Philosophis
474 1297 591 1360 nostris
606 1296 729 1382 aliquos
740 1295 861 1384 lega‘te,
875 1298 945 1384 ipse
958 1299 1054 1362 vobis

247 1413 286 1475 in
302 1430 368 1478 tota
378 1417 443 1478 vita
456 1433 561 1479 vestra
577 1417 657 1503 quid
670 1433 845 1482 venturum
855 1418 898 1481 sit
912 1441 975 1506 per
996 1441 1053 1482 eos

254 1531 440 1599 declarabit.
458 1537 516 1598 His
535 1537 579 1599 ita
601 1538 743 1623 peractis
758 1554 881 1624 septem
900 1539 1055 1603 Philoso-

256 1649 339 1734 phos
356 1650 487 1714 adeum
508 1653 613 1732 misit,
633 1655 690 1739 qui
703 1671 874 1740 postquam
887 1655 947 1718 ubi
962 1657 1057 1720 habi-

254 1783 376 1830 taverat
396 1768 617 1850 intraverunt,
645 1772 762 1834 urbem
786 1771 946 1834 desertam
969 1772 1056 1837 illius

255 1887 427 1950 maximam
445 1889 598 1951 invenere
611 1905 752 1976 partem,
770 1888 828 1953 sed
837 1889 898 1953 illis
909 1913 1058 1977 quaeren-

255 2009 342 2073 tibus
359 2010 537 2096 hospitium
553 2010 710 2089 Mariani,
733 2009 857 2072 dictum
878 2010 941 2072 suit
964 2010 1058 2097 quod

255 2129 324 2216 ipse
347 2146 379 2192 et
401 2131 496 2193 multi
512 2129 553 2193 de
574 2129 766 2192 concivibus
786 2129 941 2215 petissent
956 2130 1057 2193 here·

256 2272 357 2311 mum.
370 2250 442 2312 Istis
455 2248 573 2312 auditis
583 2262 797 2335 perrexerunt
808 2246 850 2309 ad
860 2268 946 2309 eum.
963 2249 1058 2330 Quos

258 2386 295 2432 ut
308 2369 391 2433 vidit
408 2370 552 2457 sapiens,
565 2368 647 2432 dixit
662 2368 818 2448 :Venite,
834 2369 942 2431 venite
959 2369 1059 2456 legati

255 2489 353 2575 Regis
374 2488 602 2552 inobedientis.
622 2489 711 2550 Deus
735 2487 836 2549 enim'·
847 2487 881 2549 in
907 2485 1060 2550 custodia

256 2611 287 2672 ei
303 2609 444 2672 diversas
468 2611 613 2672 nationes
637 2609 804 2690 subdidit,
824 2633 963 2696 quarum
989 2633 1059 2672 non

256 2744 364 2793 rectus
383 2729 580 2815 gubernator
600 2728 657 2792 sed
675 2728 807 2791 immitis
833 2729 948 2792 extitit.
965 2731 1058 2793 Deus

257 2851 314 2938 qui
332 2849 425 2912 illum
440 2864 472 2911 et
482 2848 566 2911 illius
577 2848 726 2912 subditos
744 2848 909 2912 decadem
923 2851 1060 2912 materia

257 2971 378 3035 creavit
395 2969 464 3049 ejus
475 2968 722 3032 immoderatam
739 2969 797 3033 diu
809 2992 921 3057 passus
939 2970 1061 3056 nequi·

257 3093 333 3155 tiam
345 3087 545 3154 multimodis
561 3080 821 3152 correctionibus
833 3104 870 3151 ut
881 3105 1059 3152 converte·

256 3231 306 3276 ret
325 3213 522 3293 ammonuit,
539 3210 597 3276 sed
613 3210 754 3274 tamdem
775 3211 817 3274 ad
843 3211 964 3274 malum
985 3212 1058 3291 ejus

258 3330 292 3391 in
308 3330 391 3394 illius
408 3353 523 3394 necem
536 3328 797 3419 inmisericordes
813 3330 968 3394 barbaras
983 3349 1059 3393 sus·
