<?xml version="1.0" encoding="UTF-8"?>
<!DOCTYPE html PUBLIC "-//W3C//DTD XHTML 1.0 Transitional//EN"
    "http://www.w3.org/TR/xhtml1/DTD/xhtml1-transitional.dtd">
<html xmlns="http://www.w3.org/1999/xhtml" xml:lang="en" lang="en">
 <head>
  <title>
</title>
<meta http-equiv="Content-Type" content="text/html;charset=utf-8" />
  <meta name='ocr-system' content='tesseract 3.04.00' />
  <meta name='ocr-capabilities' content='ocr_page ocr_carea ocr_par ocr_line ocrx_word'/>
</head>
<body>
  <div class='ocr_page' id='page_1' title='image "./disciplinedecle00labogoog_0202.png"; bbox 0 0 2286 4238; ppageno 0'>
   <div class='ocr_carea' id='block_1_1' title="bbox 247 375 1054 1178">
    <p class='ocr_par' dir='ltr' id='par_1_1' title="bbox 247 375 1054 1178">
     <span class='ocr_line' id='line_1_1' title="bbox 551 375 746 450; baseline -0.015 -12"><span class='ocrx_word' id='word_1_1' title='bbox 551 376 595 438; x_wconf 57' lang='grc' dir='ltr'><strong>ι</strong></span> <span class='ocrx_word' id='word_1_2' title='bbox 620 384 679 450; x_wconf 82' lang='lat'><strong>172</strong></span> <span class='ocrx_word' id='word_1_3' title='bbox 701 375 746 435; x_wconf 65' lang='grc'>1</span> 
     </span>
     <span class='ocr_line' id='line_1_2' title="bbox 251 481 1054 555; baseline 0.007 -10"><span class='ocrx_word' id='word_1_4' title='bbox 251 481 342 546; x_wconf 83' lang='lat' dir='ltr'><strong>mitte</strong></span> <span class='ocrx_word' id='word_1_5' title='bbox 353 504 406 546; x_wconf 89' lang='lat' dir='ltr'><strong>me</strong></span> <span class='ocrx_word' id='word_1_6' title='bbox 416 483 554 548; x_wconf 74' lang='lat' dir='ltr'><strong>domine.</strong></span> <span class='ocrx_word' id='word_1_7' title='bbox 572 486 696 549; x_wconf 83' lang='lat' dir='ltr'><strong>Iterum</strong></span> <span class='ocrx_word' id='word_1_8' title='bbox 709 483 872 555; x_wconf 75' lang='lat' dir='ltr'><strong>Dominus</strong></span> <span class='ocrx_word' id='word_1_9' title='bbox 882 483 919 548; x_wconf 92' lang='lat' dir='ltr'><strong>in</strong></span> <span class='ocrx_word' id='word_1_10' title='bbox 933 502 1054 551; x_wconf 80' lang='lat' dir='ltr'><strong>noete:</strong></span> 
     </span>
     <span class='ocr_line' id='line_1_3' title="bbox 250 601 1054 696; baseline 0.007 -28"><span class='ocrx_word' id='word_1_11' title='bbox 250 601 456 688; x_wconf 78' lang='lat' dir='ltr'><strong>Maimunde,</strong></span> <span class='ocrx_word' id='word_1_12' title='bbox 479 629 576 696; x_wconf 78' lang='lat' dir='ltr'><strong>surge</strong></span> <span class='ocrx_word' id='word_1_13' title='bbox 589 622 622 672; x_wconf 87' lang='lat' dir='ltr'><strong>et</strong></span> <span class='ocrx_word' id='word_1_14' title='bbox 638 605 748 670; x_wconf 86' lang='lat' dir='ltr'><strong>videas</strong></span> <span class='ocrx_word' id='word_1_15' title='bbox 759 620 870 670; x_wconf 83' lang='lat' dir='ltr'><strong>utrum</strong></span> <span class='ocrx_word' id='word_1_16' title='bbox 881 607 975 696; x_wconf 83' lang='lat' dir='ltr'><strong>pluat</strong></span> <span class='ocrx_word' id='word_1_17' title='bbox 988 630 1054 675; x_wconf 72' lang='lat' dir='ltr'><strong>nee</strong></span> 
     </span>
     <span class='ocr_line' id='line_1_4' title="bbox 251 725 1050 816; baseline 0.006 -29"><span class='ocrx_word' id='word_1_18' title='bbox 251 745 303 788; x_wconf 89' lang='lat' dir='ltr'><strong>ne.</strong></span> <span class='ocrx_word' id='word_1_19' title='bbox 323 725 397 813; x_wconf 87' lang='lat' dir='ltr'><strong>Ipse</strong></span> <span class='ocrx_word' id='word_1_20' title='bbox 416 749 494 791; x_wconf 82' lang='lat' dir='ltr'><strong>vero</strong></span> <span class='ocrx_word' id='word_1_21' title='bbox 515 727 686 794; x_wconf 85' lang='lat' dir='ltr'><strong>advocavit</strong></span> <span class='ocrx_word' id='word_1_22' title='bbox 704 752 817 794; x_wconf 88' lang='lat' dir='ltr'><strong>canem</strong></span> <span class='ocrx_word' id='word_1_23' title='bbox 842 729 901 816; x_wconf 86' lang='lat' dir='ltr'><strong>qui</strong></span> <span class='ocrx_word' id='word_1_24' title='bbox 918 731 1050 810; x_wconf 81' lang='lat' dir='ltr'><strong>jacebat</strong></span> 
     </span>
     <span class='ocr_line' id='line_1_5' title="bbox 251 847 1051 937; baseline 0.006 -28"><span class='ocrx_word' id='word_1_25' title='bbox 251 847 493 930; x_wconf 85' lang='lat' dir='ltr'><strong>extrajanuam,</strong></span> <span class='ocrx_word' id='word_1_26' title='bbox 511 864 544 914; x_wconf 86' lang='lat' dir='ltr'><strong>et</strong></span> <span class='ocrx_word' id='word_1_27' title='bbox 552 870 628 913; x_wconf 90' lang='lat' dir='ltr'><strong>cum</strong></span> <span class='ocrx_word' id='word_1_28' title='bbox 637 850 779 912; x_wconf 86' lang='lat' dir='ltr'><strong>venisset</strong></span> <span class='ocrx_word' id='word_1_29' title='bbox 787 847 892 930; x_wconf 84' lang='lat' dir='ltr'><strong>canis,</strong></span> <span class='ocrx_word' id='word_1_30' title='bbox 908 849 1051 937; x_wconf 74' lang='lat' dir='ltr'>palpavit</span> 
     </span>
     <span class='ocr_line' id='line_1_6' title="bbox 247 964 1052 1057; baseline 0.01 -31"><span class='ocrx_word' id='word_1_31' title='bbox 247 964 351 1054; x_wconf 88' lang='lat' dir='ltr'><strong>pedes</strong></span> <span class='ocrx_word' id='word_1_32' title='bbox 367 968 454 1050; x_wconf 83' lang='lat' dir='ltr'><strong>ejus,</strong></span> <span class='ocrx_word' id='word_1_33' title='bbox 477 970 598 1057; x_wconf 89' lang='lat' dir='ltr'><strong>quibus</strong></span> <span class='ocrx_word' id='word_1_34' title='bbox 614 970 754 1034; x_wconf 89' lang='lat' dir='ltr'><strong>inventis</strong></span> <span class='ocrx_word' id='word_1_35' title='bbox 773 969 886 1050; x_wconf 82' lang='lat' dir='ltr'><strong>sienis,</strong></span> <span class='ocrx_word' id='word_1_36' title='bbox 906 969 1052 1034; x_wconf 88' lang='lat' dir='ltr'><strong>Domino</strong></span> 
     </span>
     <span class='ocr_line' id='line_1_7' title="bbox 251 1085 1051 1178; baseline 0.006 -30"><span class='ocrx_word' id='word_1_37' title='bbox 251 1085 375 1172; x_wconf 88' lang='lat' dir='ltr'><strong>inquit:</strong></span> <span class='ocrx_word' id='word_1_38' title='bbox 387 1089 544 1171; x_wconf 89' lang='lat' dir='ltr'><strong>Domine,</strong></span> <span class='ocrx_word' id='word_1_39' title='bbox 560 1112 628 1154; x_wconf 86' lang='lat' dir='ltr'><strong>non</strong></span> <span class='ocrx_word' id='word_1_40' title='bbox 643 1090 735 1178; x_wconf 76' lang='lat' dir='ltr'><strong>pluit</strong></span> <span class='ocrx_word' id='word_1_41' title='bbox 750 1089 874 1153; x_wconf 81' lang='lat' dir='ltr'><strong>Iterum</strong></span> <span class='ocrx_word' id='word_1_42' title='bbox 888 1088 1051 1153; x_wconf 82' lang='lat' dir='ltr'><strong>Dominus</strong></span> 
     </span>
    </p>
   </div>
   <div class='ocr_carea' id='block_1_2' title="bbox 249 1203 1053 1298">
    <p class='ocr_par' dir='ltr' id='par_1_2' title="bbox 249 1203 1053 1298">
     <span class='ocr_line' id='line_1_8' title="bbox 249 1203 1053 1298; baseline 0.005 -31"><span class='ocrx_word' id='word_1_43' title='bbox 249 1203 294 1268; x_wconf 90' lang='lat' dir='ltr'><strong>ad</strong></span> <span class='ocrx_word' id='word_1_44' title='bbox 317 1229 393 1270; x_wconf 90' lang='lat' dir='ltr'><strong>eum</strong></span> <span class='ocrx_word' id='word_1_45' title='bbox 407 1223 507 1274; x_wconf 89' lang='lat' dir='ltr'><strong>noctu</strong></span> <span class='ocrx_word' id='word_1_46' title='bbox 522 1231 564 1272; x_wconf 87' lang='lat' dir='ltr'><strong>an</strong></span> <span class='ocrx_word' id='word_1_47' title='bbox 582 1209 664 1298; x_wconf 76' lang='lat' dir='ltr'><strong>ignis</strong></span> <span class='ocrx_word' id='word_1_48' title='bbox 687 1223 772 1271; x_wconf 86' lang='lat' dir='ltr'><strong>esset</strong></span> <span class='ocrx_word' id='word_1_49' title='bbox 790 1206 825 1270; x_wconf 93' lang='lat' dir='ltr'><strong>in</strong></span> <span class='ocrx_word' id='word_1_50' title='bbox 844 1206 954 1271; x_wconf 87' lang='lat' dir='ltr'><strong>domo.</strong></span> <span class='ocrx_word' id='word_1_51' title='bbox 975 1207 1053 1295; x_wconf 82' lang='lat' dir='ltr'><strong>Ipse</strong></span> 
     </span>
    </p>
   </div>
   <div class='ocr_carea' id='block_1_3' title="bbox 251 1325 1057 3441">
    <p class='ocr_par' dir='ltr' id='par_1_3' title="bbox 251 1325 1057 3441">
     <span class='ocr_line' id='line_1_9' title="bbox 253 1325 1051 1419; baseline 0.001 -29"><span class='ocrx_word' id='word_1_52' title='bbox 253 1350 331 1392; x_wconf 84' lang='lat' dir='ltr'><strong>vero</strong></span> <span class='ocrx_word' id='word_1_53' title='bbox 352 1346 466 1394; x_wconf 88' lang='lat' dir='ltr'><strong>vocato</strong></span> <span class='ocrx_word' id='word_1_54' title='bbox 487 1330 665 1419; x_wconf 83' lang='lat' dir='ltr'>murilego,</span> <span class='ocrx_word' id='word_1_55' title='bbox 688 1328 856 1417; x_wconf 86' lang='lat' dir='ltr'><strong>temptavit</strong></span> <span class='ocrx_word' id='word_1_56' title='bbox 875 1328 904 1391; x_wconf 87' lang='lat' dir='ltr'><strong>si</strong></span> <span class='ocrx_word' id='word_1_57' title='bbox 926 1325 1051 1403; x_wconf 85' lang='lat' dir='ltr'><strong>calidus</strong></span> 
     </span>
     <span class='ocr_line' id='line_1_10' title="bbox 255 1448 1052 1537; baseline 0.005 -26"><span class='ocrx_word' id='word_1_58' title='bbox 255 1465 340 1512; x_wconf 86' lang='lat' dir='ltr'><strong>esset</strong></span> <span class='ocrx_word' id='word_1_59' title='bbox 353 1473 394 1513; x_wconf 92' lang='lat' dir='ltr'><strong>an</strong></span> <span class='ocrx_word' id='word_1_60' title='bbox 408 1472 491 1531; x_wconf 89' lang='lat' dir='ltr'><strong>n0n;</strong></span> <span class='ocrx_word' id='word_1_61' title='bbox 514 1474 591 1515; x_wconf 89' lang='lat' dir='ltr'><strong>eum</strong></span> <span class='ocrx_word' id='word_1_62' title='bbox 607 1450 784 1514; x_wconf 85' lang='lat' dir='ltr'><strong>invenisset</strong></span> <span class='ocrx_word' id='word_1_63' title='bbox 798 1471 875 1513; x_wconf 86' lang='lat' dir='ltr'><strong>enm</strong></span> <span class='ocrx_word' id='word_1_64' title='bbox 894 1448 1052 1537; x_wconf 83' lang='lat' dir='ltr'><strong>frigidum</strong></span> 
     </span>
     <span class='ocr_line' id='line_1_11' title="bbox 253 1569 1052 1662; baseline 0.003 -31"><span class='ocrx_word' id='word_1_65' title='bbox 253 1569 297 1631; x_wconf 88' lang='lat' dir='ltr'><strong>ait</strong></span> <span class='ocrx_word' id='word_1_66' title='bbox 313 1592 321 1632; x_wconf 91' lang='lat'>:</span> <span class='ocrx_word' id='word_1_67' title='bbox 339 1571 425 1634; x_wconf 88' lang='lat' dir='ltr'><strong>Non.</strong></span> <span class='ocrx_word' id='word_1_68' title='bbox 443 1572 781 1662; x_wconf 74' lang='lat' dir='ltr'><strong>Juvenis:1³igritiam</strong></span> <span class='ocrx_word' id='word_1_69' title='bbox 801 1569 930 1651; x_wconf 87' lang='lat' dir='ltr'><strong>audivi,</strong></span> <span class='ocrx_word' id='word_1_70' title='bbox 951 1569 1052 1634; x_wconf 91' lang='lat' dir='ltr'><strong>modo</strong></span> 
     </span>
     <span class='ocr_line' id='line_1_12' title="bbox 254 1689 1052 1780; baseline 0.003 -30"><span class='ocrx_word' id='word_1_71' title='bbox 254 1689 472 1776; x_wconf 83' lang='lat' dir='ltr'><strong>garrulitatem</strong></span> <span class='ocrx_word' id='word_1_72' title='bbox 489 1691 559 1770; x_wconf 86' lang='lat' dir='ltr'><strong>ejus</strong></span> <span class='ocrx_word' id='word_1_73' title='bbox 573 1689 687 1755; x_wconf 86' lang='lat' dir='ltr'><strong>audire</strong></span> <span class='ocrx_word' id='word_1_74' title='bbox 704 1691 811 1780; x_wconf 89' lang='lat' dir='ltr'><strong>cupio.</strong></span> <span class='ocrx_word' id='word_1_75' title='bbox 829 1691 955 1755; x_wconf 86' lang='lat' dir='ltr'><strong>Senex:</strong></span> <span class='ocrx_word' id='word_1_76' title='bbox 969 1689 1052 1753; x_wconf 88' lang='lat' dir='ltr'><strong>Dic·</strong></span> 
     </span>
     <span class='ocr_line' id='line_1_13' title="bbox 253 1808 1052 1897; baseline 0 -25"><span class='ocrx_word' id='word_1_77' title='bbox 253 1825 324 1873; x_wconf 89' lang='lat' dir='ltr'><strong>tum</strong></span> <span class='ocrx_word' id='word_1_78' title='bbox 350 1826 399 1873; x_wconf 88' lang='lat' dir='ltr'><strong>est</strong></span> <span class='ocrx_word' id='word_1_79' title='bbox 424 1811 514 1897; x_wconf 89' lang='lat' dir='ltr'><strong>quod</strong></span> <span class='ocrx_word' id='word_1_80' title='bbox 540 1812 701 1876; x_wconf 83' lang='lat' dir='ltr'><strong>Dominus</strong></span> <span class='ocrx_word' id='word_1_81' title='bbox 726 1834 805 1875; x_wconf 89' lang='lat' dir='ltr'><strong>suus</strong></span> <span class='ocrx_word' id='word_1_82' title='bbox 831 1809 985 1875; x_wconf 87' lang='lat' dir='ltr'><strong>veniebat</strong></span> <span class='ocrx_word' id='word_1_83' title='bbox 1010 1808 1052 1873; x_wconf 83' lang='lat' dir='ltr'><strong>de</strong></span> 
     </span>
     <span class='ocr_line' id='line_1_14' title="bbox 253 1929 1050 2020; baseline -0.003 -26"><span class='ocrx_word' id='word_1_84' title='bbox 253 1929 327 1995; x_wconf 85' lang='lat' dir='ltr'><strong>foro</strong></span> <span class='ocrx_word' id='word_1_85' title='bbox 345 1929 437 1995; x_wconf 86' lang='lat' dir='ltr'><strong>laetus</strong></span> <span class='ocrx_word' id='word_1_86' title='bbox 453 1955 513 2020; x_wconf 88' lang='lat' dir='ltr'><strong>pro</strong></span> <span class='ocrx_word' id='word_1_87' title='bbox 534 1932 646 2014; x_wconf 84' lang='lat' dir='ltr'><strong>luero,</strong></span> <span class='ocrx_word' id='word_1_88' title='bbox 664 1932 740 2019; x_wconf 81' lang='lat' dir='ltr'><strong>quia</strong></span> <span class='ocrx_word' id='word_1_89' title='bbox 755 1930 895 1994; x_wconf 86' lang='lat' dir='ltr'><strong>multum</strong></span> <span class='ocrx_word' id='word_1_90' title='bbox 906 1929 1050 1994; x_wconf 83' lang='lat' dir='ltr'><strong>lucratus</strong></span> 
     </span>
     <span class='ocr_line' id='line_1_15' title="bbox 252 2048 1053 2134; baseline -0.004 -19"><span class='ocrx_word' id='word_1_91' title='bbox 252 2051 376 2134; x_wconf 78' lang='lat' dir='ltr'><strong>luerat,</strong></span> <span class='ocrx_word' id='word_1_92' title='bbox 397 2068 429 2116; x_wconf 92' lang='lat' dir='ltr'><strong>et</strong></span> <span class='ocrx_word' id='word_1_93' title='bbox 449 2052 547 2117; x_wconf 83' lang='lat' dir='ltr'><strong>exivit</strong></span> <span class='ocrx_word' id='word_1_94' title='bbox 569 2073 681 2116; x_wconf 88' lang='lat' dir='ltr'><strong>servus</strong></span> <span class='ocrx_word' id='word_1_95' title='bbox 703 2048 915 2115; x_wconf 86' lang='lat' dir='ltr'><strong>Maimundus</strong></span> <span class='ocrx_word' id='word_1_96' title='bbox 939 2065 1053 2113; x_wconf 80' lang='lat' dir='ltr'><strong>eontm</strong></span> 
     </span>
     <span class='ocr_line' id='line_1_16' title="bbox 252 2169 1051 2260; baseline -0.011 -21"><span class='ocrx_word' id='word_1_97' title='bbox 252 2175 432 2238; x_wconf 89' lang='lat' dir='ltr'><strong>Dominum</strong></span> <span class='ocrx_word' id='word_1_98' title='bbox 452 2196 566 2255; x_wconf 85' lang='lat' dir='ltr'><strong>suum,</strong></span> <span class='ocrx_word' id='word_1_99' title='bbox 583 2194 681 2260; x_wconf 88' lang='lat' dir='ltr'><strong>quem</strong></span> <span class='ocrx_word' id='word_1_100' title='bbox 700 2194 776 2235; x_wconf 89' lang='lat' dir='ltr'><strong>cum</strong></span> <span class='ocrx_word' id='word_1_101' title='bbox 795 2169 921 2233; x_wconf 88' lang='lat' dir='ltr'><strong>videret</strong></span> <span class='ocrx_word' id='word_1_102' title='bbox 935 2169 1051 2233; x_wconf 83' lang='lat' dir='ltr'><strong>Domi·</strong></span> 
     </span>
     <span class='ocr_line' id='line_1_17' title="bbox 255 2293 1051 2379; baseline -0.005 -19"><span class='ocrx_word' id='word_1_103' title='bbox 255 2317 337 2377; x_wconf 87' lang='lat' dir='ltr'><strong>nus,</strong></span> <span class='ocrx_word' id='word_1_104' title='bbox 354 2295 462 2359; x_wconf 90' lang='lat' dir='ltr'><strong>timuit</strong></span> <span class='ocrx_word' id='word_1_105' title='bbox 474 2317 516 2358; x_wconf 87' lang='lat' dir='ltr'><strong>ne</strong></span> <span class='ocrx_word' id='word_1_106' title='bbox 526 2293 650 2379; x_wconf 85' lang='lat' dir='ltr'><strong>aliquos</strong></span> <span class='ocrx_word' id='word_1_107' title='bbox 664 2313 827 2370; x_wconf 85' lang='lat' dir='ltr'><strong>rumores,</strong></span> <span class='ocrx_word' id='word_1_108' title='bbox 842 2304 879 2352; x_wconf 87' lang='lat' dir='ltr'><strong>ut</strong></span> <span class='ocrx_word' id='word_1_109' title='bbox 891 2311 963 2353; x_wconf 92' lang='lat' dir='ltr'><strong>mos</strong></span> <span class='ocrx_word' id='word_1_110' title='bbox 974 2311 1051 2356; x_wconf 83' lang='lat' dir='ltr'><strong>suus</strong></span> 
     </span>
     <span class='ocr_line' id='line_1_18' title="bbox 255 2408 1054 2497; baseline -0.008 -16"><span class='ocrx_word' id='word_1_111' title='bbox 255 2433 336 2497; x_wconf 85' lang='lat' dir='ltr'><strong>erat,</strong></span> <span class='ocrx_word' id='word_1_112' title='bbox 357 2415 497 2497; x_wconf 84' lang='lat' dir='ltr'><strong>diceret,</strong></span> <span class='ocrx_word' id='word_1_113' title='bbox 520 2430 552 2478; x_wconf 91' lang='lat' dir='ltr'><strong>et</strong></span> <span class='ocrx_word' id='word_1_114' title='bbox 568 2412 649 2476; x_wconf 80' lang='lat' dir='ltr'><strong>dixit</strong></span> <span class='ocrx_word' id='word_1_115' title='bbox 670 2434 677 2474; x_wconf 92' lang='lat'>:</span> <span class='ocrx_word' id='word_1_116' title='bbox 698 2413 782 2475; x_wconf 85' lang='lat' dir='ltr'><strong>Cave</strong></span> <span class='ocrx_word' id='word_1_117' title='bbox 798 2432 840 2473; x_wconf 89' lang='lat' dir='ltr'><strong>ne</strong></span> <span class='ocrx_word' id='word_1_118' title='bbox 859 2408 949 2474; x_wconf 87' lang='lat' dir='ltr'><strong>dicas</strong></span> <span class='ocrx_word' id='word_1_119' title='bbox 970 2409 1054 2475; x_wconf 82' lang='lat' dir='ltr'><strong>mihi</strong></span> 
     </span>
     <span class='ocr_line' id='line_1_19' title="bbox 258 2531 1055 2618; baseline -0.009 -17"><span class='ocrx_word' id='word_1_120' title='bbox 258 2559 406 2601; x_wconf 83' lang='lat' dir='ltr'><strong>rumores</strong></span> <span class='ocrx_word' id='word_1_121' title='bbox 428 2535 539 2599; x_wconf 87' lang='lat' dir='ltr'><strong>malos.</strong></span> <span class='ocrx_word' id='word_1_122' title='bbox 557 2535 697 2599; x_wconf 89' lang='lat' dir='ltr'><strong>Servus:</strong></span> <span class='ocrx_word' id='word_1_123' title='bbox 713 2531 808 2595; x_wconf 87' lang='lat' dir='ltr'><strong>Canis</strong></span> <span class='ocrx_word' id='word_1_124' title='bbox 828 2545 938 2594; x_wconf 86' lang='lat' dir='ltr'><strong>nostra</strong></span> <span class='ocrx_word' id='word_1_125' title='bbox 956 2552 1055 2618; x_wconf 87' lang='lat' dir='ltr'><strong>parva</strong></span> 
     </span>
     <span class='ocr_line' id='line_1_20' title="bbox 253 2649 1055 2743; baseline -0.002 -27"><span class='ocrx_word' id='word_1_126' title='bbox 253 2653 372 2743; x_wconf 88' lang='lat' dir='ltr'><strong>pipella</strong></span> <span class='ocrx_word' id='word_1_127' title='bbox 388 2670 517 2717; x_wconf 81' lang='lat' dir='ltr'><strong>mortua</strong></span> <span class='ocrx_word' id='word_1_128' title='bbox 530 2669 587 2716; x_wconf 88' lang='lat' dir='ltr'><strong>est.</strong></span> <span class='ocrx_word' id='word_1_129' title='bbox 602 2653 664 2716; x_wconf 86' lang='lat' dir='ltr'><strong>Cui</strong></span> <span class='ocrx_word' id='word_1_130' title='bbox 675 2650 836 2714; x_wconf 79' lang='lat' dir='ltr'><strong>Dominus</strong></span> <span class='ocrx_word' id='word_1_131' title='bbox 852 2670 860 2711; x_wconf 91' lang='lat'><strong>:</strong></span> <span class='ocrx_word' id='word_1_132' title='bbox 876 2649 1055 2731; x_wconf 89' lang='lat' dir='ltr'><strong>Quomodo</strong></span> 
     </span>
     <span class='ocr_line' id='line_1_21' title="bbox 253 2770 1055 2840; baseline -0.007 0"><span class='ocrx_word' id='word_1_133' title='bbox 253 2789 382 2840; x_wconf 89' lang='lat' dir='ltr'><strong>mortua</strong></span> <span class='ocrx_word' id='word_1_134' title='bbox 398 2771 464 2837; x_wconf 82' lang='lat' dir='ltr'><strong>est?</strong></span> <span class='ocrx_word' id='word_1_135' title='bbox 481 2774 600 2838; x_wconf 86' lang='lat' dir='ltr'><strong>Servus</strong></span> <span class='ocrx_word' id='word_1_136' title='bbox 617 2772 749 2836; x_wconf 86' lang='lat' dir='ltr'><strong>:Mulus</strong></span> <span class='ocrx_word' id='word_1_137' title='bbox 761 2785 870 2834; x_wconf 82' lang='lat' dir='ltr'><strong>noster</strong></span> <span class='ocrx_word' id='word_1_138' title='bbox 882 2770 1055 2834; x_wconf 67' lang='lat' dir='ltr'><strong>exterritum</strong></span> 
     </span>
     <span class='ocr_line' id='line_1_22' title="bbox 252 2890 1054 2983; baseline -0.005 -23"><span class='ocrx_word' id='word_1_139' title='bbox 252 2896 315 2961; x_wconf 86' lang='lat' dir='ltr'><strong>suit</strong></span> <span class='ocrx_word' id='word_1_140' title='bbox 327 2911 359 2959; x_wconf 91' lang='lat' dir='ltr'><strong>et</strong></span> <span class='ocrx_word' id='word_1_141' title='bbox 370 2895 459 2983; x_wconf 90' lang='lat' dir='ltr'><strong>rupit</strong></span> <span class='ocrx_word' id='word_1_142' title='bbox 471 2893 623 2958; x_wconf 87' lang='lat' dir='ltr'><strong>chamum</strong></span> <span class='ocrx_word' id='word_1_143' title='bbox 639 2914 753 2974; x_wconf 83' lang='lat' dir='ltr'><strong>suum,</strong></span> <span class='ocrx_word' id='word_1_144' title='bbox 771 2907 804 2955; x_wconf 82' lang='lat' dir='ltr'><strong>et</strong></span> <span class='ocrx_word' id='word_1_145' title='bbox 816 2890 896 2955; x_wconf 85' lang='lat' dir='ltr'><strong>dum</strong></span> <span class='ocrx_word' id='word_1_146' title='bbox 908 2891 1054 2980; x_wconf 83' lang='lat' dir='ltr'><strong>fugeret,</strong></span> 
     </span>
     <span class='ocr_line' id='line_1_23' title="bbox 253 3013 1055 3106; baseline -0.006 -24"><span class='ocrx_word' id='word_1_147' title='bbox 253 3019 315 3082; x_wconf 89' lang='lat' dir='ltr'><strong>sub</strong></span> <span class='ocrx_word' id='word_1_148' title='bbox 326 3016 466 3106; x_wconf 88' lang='lat' dir='ltr'><strong>pedibus</strong></span> <span class='ocrx_word' id='word_1_149' title='bbox 477 3014 543 3078; x_wconf 89' lang='lat' dir='ltr'><strong>suis</strong></span> <span class='ocrx_word' id='word_1_150' title='bbox 554 3036 669 3088; x_wconf 85' lang='lat' dir='ltr'><strong>canem</strong></span> <span class='ocrx_word' id='word_1_151' title='bbox 678 3013 860 3077; x_wconf 83' lang='lat' dir='ltr'><strong>suffocavit.</strong></span> <span class='ocrx_word' id='word_1_152' title='bbox 874 3013 1055 3077; x_wconf 87' lang='lat' dir='ltr'><strong>Dominus:</strong></span> 
     </span>
     <span class='ocr_line' id='line_1_24' title="bbox 253 3133 1057 3221; baseline -0.007 -19"><span class='ocrx_word' id='word_1_153' title='bbox 253 3137 343 3221; x_wconf 90' lang='lat' dir='ltr'><strong>Quid</strong></span> <span class='ocrx_word' id='word_1_154' title='bbox 356 3153 465 3201; x_wconf 90' lang='lat' dir='ltr'><strong>actum</strong></span> <span class='ocrx_word' id='word_1_155' title='bbox 474 3134 569 3200; x_wconf 87' lang='lat' dir='ltr'><strong>estde</strong></span> <span class='ocrx_word' id='word_1_156' title='bbox 578 3135 667 3198; x_wconf 87' lang='lat' dir='ltr'><strong>mulo</strong></span> <span class='ocrx_word' id='word_1_157' title='bbox 677 3133 691 3197; x_wconf 64' lang='lat' dir='ltr'><strong>l</strong></span> <span class='ocrx_word' id='word_1_158' title='bbox 701 3134 819 3198; x_wconf 86' lang='lat' dir='ltr'><strong>Servus</strong></span> <span class='ocrx_word' id='word_1_159' title='bbox 835 3154 843 3196; x_wconf 73' lang='grc' dir='ltr'><strong><em>ε</em></strong></span> <span class='ocrx_word' id='word_1_160' title='bbox 860 3133 899 3194; x_wconf 91' lang='lat' dir='ltr'><strong>ln</strong></span> <span class='ocrx_word' id='word_1_161' title='bbox 916 3148 1057 3221; x_wconf 87' lang='lat' dir='ltr'><strong>puteum</strong></span> 
     </span>
     <span class='ocr_line' id='line_1_25' title="bbox 254 3251 1055 3336; baseline -0.004 -17"><span class='ocrx_word' id='word_1_162' title='bbox 254 3257 373 3319; x_wconf 87' lang='lat' dir='ltr'><strong>cecidit</strong></span> <span class='ocrx_word' id='word_1_163' title='bbox 390 3273 423 3320; x_wconf 90' lang='lat' dir='ltr'><strong>et</strong></span> <span class='ocrx_word' id='word_1_164' title='bbox 439 3271 588 3320; x_wconf 89' lang='lat' dir='ltr'><strong>mortuus</strong></span> <span class='ocrx_word' id='word_1_165' title='bbox 608 3270 665 3319; x_wconf 80' lang='lat' dir='ltr'><strong>est</strong></span> <span class='ocrx_word' id='word_1_166' title='bbox 686 3251 863 3336; x_wconf 89' lang='lat' dir='ltr'><strong>Quomodo</strong></span> <span class='ocrx_word' id='word_1_167' title='bbox 883 3253 1055 3316; x_wconf 84' lang='lat' dir='ltr'><strong>exterritus</strong></span> 
     </span>
     <span class='ocr_line' id='line_1_26' title="bbox 251 3370 1056 3441; baseline -0.001 -5"><span class='ocrx_word' id='word_1_168' title='bbox 251 3373 314 3436; x_wconf 82' lang='lat' dir='ltr'><strong>fuit</strong></span> <span class='ocrx_word' id='word_1_169' title='bbox 329 3374 459 3438; x_wconf 75' lang='lat' dir='ltr'><strong>mulus?</strong></span> <span class='ocrx_word' id='word_1_170' title='bbox 480 3373 728 3441; x_wconf 76' lang='lat' dir='ltr'><strong>Servustilius</strong></span> <span class='ocrx_word' id='word_1_171' title='bbox 745 3388 852 3438; x_wconf 86' lang='lat' dir='ltr'><strong>vester</strong></span> <span class='ocrx_word' id='word_1_172' title='bbox 872 3370 914 3436; x_wconf 89' lang='lat' dir='ltr'><strong>de</strong></span> <span class='ocrx_word' id='word_1_173' title='bbox 935 3371 1056 3437; x_wconf 86' lang='lat' dir='ltr'><strong>solario</strong></span> 
     </span>
    </p>
   </div>
   <div class='ocr_carea' id='block_1_4' title="bbox 0 0 1149 4238">
    <p class='ocr_par' dir='ltr' id='par_1_4' title="bbox 0 0 1149 4238">
     <span class='ocr_line' id='line_1_27' title="bbox 0 0 1149 4238; baseline 0 0"><span class='ocrx_word' id='word_1_174' title='bbox 0 0 1149 4238; x_wconf 95' lang='lat' dir='ltr'><strong> </strong></span> 
     </span>
    </p>
   </div>
  </div>
 </body>
</html>
