2294 4252
588 384 631 442 9
657 370 717 434 186
739 384 783 440 ἦ

288 490 377 556 Audi
398 489 489 576 quod
504 489 582 553 fecit
600 489 684 553 filius
705 489 879 553 consiliarii
897 490 994 578 Regis
1012 508 1091 578 post

289 612 417 676 obitum
435 610 543 698 patris.
563 609 686 672 Filius:
703 610 811 693 Pater,
831 609 913 691 fare,
932 633 993 674 nec
1009 613 1089 674 sub·

290 730 460 818 terfugiam
478 729 607 794 monitis
624 728 769 793 obedire.
793 730 895 793 Pater.

495 1723 700 1789 FABULA
725 1722 892 1791 XXVII.

337 1924 407 1986 Rex
417 1921 551 2010 quidam
562 1922 678 1986 habuit
686 1922 863 2009 sapientem
874 1919 1092 1985 consiliarium

295 2061 328 2109 et
342 2043 529 2108 familiarem
549 2042 606 2129 qui
621 2039 752 2106 tandem
765 2058 887 2105 naturae
902 2041 1029 2131 legibus
1043 2041 1091 2106 fa·

294 2187 372 2229 rens
396 2186 532 2251 parvum
556 2162 687 2248 reliquit
701 2161 864 2226 haeredem
889 2162 975 2226 bene
994 2161 1091 2225 disci-

294 2285 451 2373 plinatum
462 2299 494 2346 et
504 2283 674 2362 curialem,
691 2283 745 2345 cui
757 2297 873 2363 totam,
895 2305 966 2368 quae
978 2304 1092 2370 magna

297 2420 380 2484 erat,
414 2402 650 2490 possessionem
682 2417 715 2463 et
745 2400 929 2464 divitiarum
962 2423 1093 2464 acervos

297 2523 489 2610 subscripsit
502 2538 534 2585 et
545 2522 642 2585 morti
657 2521 761 2584 cessit.
779 2521 854 2602 Quo
870 2522 955 2584 facto
972 2523 1042 2584 Rex
1054 2520 1095 2583 ad

296 2664 331 2704 se
350 2664 491 2728 puerum
508 2641 650 2720 vocavit,
677 2655 709 2702 et
731 2638 771 2703 de
791 2641 890 2727 patris
913 2663 1034 2704 occasu
1054 2662 1095 2702 ne

269 2784 273 2792 ·
296 2758 369 2847 plus
384 2758 471 2837 justo
484 2756 609 2820 doleret
620 2759 817 2839 ammonuit,
839 2776 872 2821 et
881 2782 1095 2847 quaecumque

297 2894 388 2966 pater
397 2876 443 2940 illi
457 2875 599 2964 regenda
611 2875 746 2940 dederat
758 2879 942 2941 testimonio
958 2878 1096 2944 firmavit

298 3018 331 3064 et
343 3000 476 3085 insuper
494 2995 584 3083 quod
598 3013 688 3060 aetate
703 2998 771 3076 ejus
787 2998 933 3085 exigente
947 3000 981 3061 in
997 3001 1094 3088 patris

297 3123 407 3186 locum
435 3143 510 3184 eum
539 3120 716 3206 susciperet
742 3119 789 3182 illi
817 3121 975 3207 promisit.
1014 3121 1094 3184 Inde

298 3241 368 3303 vale
383 3240 469 3304 dieto
483 3239 572 3303 laetus
584 3239 711 3319 juvenis
725 3238 767 3303 ad
781 3241 911 3328 propria
925 3243 1092 3320 remeavit,

301 3381 397 3442 quem
418 3363 487 3422 Rex
504 3359 662 3422 oblivioni
674 3358 818 3440 tradidit,
834 3383 895 3423 nec
907 3361 975 3447 ipse
988 3360 1029 3423 ad
1040 3382 1092 3421 re·
