2286 4238
554 372 598 430 μ
620 355 661 420 36
683 371 727 427 ⁴}

243 494 274 542 te
295 476 512 566 degenerarit.
533 478 578 542 At
597 477 650 541 ille
673 499 682 542 t
703 480 792 559 Rex,
810 499 895 567 saepe
917 481 951 544 in
972 483 1046 546 fru-

242 612 353 660 mento
370 597 475 659 oritur
490 595 594 684 siligo.
604 596 657 659 nd
668 595 732 660 hoc
747 619 803 661 rex
818 619 826 661 :
841 599 888 660 Te
905 600 1044 664 minoris

244 719 465 806 generositatis
492 740 590 803 quam
614 734 738 807 patrem
759 736 852 783 tuum
879 722 1043 808 probasti,

244 839 400 924 illumque
420 839 601 901 immunem
618 839 664 902 sic
681 839 813 904 dimisit.

293 1082 385 1145 Alius
412 1079 611 1144 versificator
634 1082 711 1144 item
736 1083 827 1145 venit
850 1081 892 1144 ad
914 1068 1044 1171 regem,

244 1219 333 1291 patre
353 1203 506 1292 ignobili,
529 1201 587 1266 sed
601 1219 702 1266 matre
720 1225 886 1292 generosa.
910 1204 1043 1268 Incom-

244 1323 368 1410 positus
383 1322 537 1410 equidem
549 1323 781 1409 incompositos
792 1293 912 1410 optulit
920 1294 1044 1388 uersus.

246 1444 348 1522 Cujus
373 1460 475 1505 mater
497 1442 640 1506 babebat
660 1443 793 1506 fratrem
814 1443 991 1506 litteratum
1016 1459 1048 1507 et

245 1563 361 1625 facetia
379 1561 597 1650 splendidum.
609 1564 687 1625 ‘Rex
708 1579 817 1626 autem
830 1585 906 1625 eum
929 1585 1049 1652 nequa·

247 1704 344 1767 quarn
356 1681 537 1746 honorilice
549 1684 707 1771 suscepit,
720 1683 868 1770 quaesivit
884 1699 992 1746 tamen
1005 1684 1047 1747 ab

248 1803 394 1881 eo·cujus
405 1801 491 1865 filius
506 1819 589 1885 erat,
609 1819 642 1866 at
654 1801 708 1865 ille
719 1800 891 1890 praetendit
904 1803 935 1864 ei
951 1825 1050 1864 avun-

249 1923 361 1986 culum
375 1946 490 2003 suum,
510 1922 599 1986 unde
615 1945 672 1986 rex
688 1921 723 1984 iu
737 1922 875 1985 nimium
896 1922 999 2009 risum
1014 1945 1048 1985 se

249 2043 417 2106 convertit.
437 2043 541 2106 Aiunt
556 2042 586 2105 ei
602 2043 653 2105 sui
665 2042 837 2106 familiares
851 2064 859 2106 :
873 2041 971 2106 Unde
989 2043 1048 2106 iste

247 2181 354 2229 tantus
382 2166 466 2229 risus
497 2164 669 2253 procedit?
699 2166 755 2228 Ait
776 2187 834 2228 rex
857 2187 865 2226 :
891 2164 1048 2227 Fabulam

249 2285 413 2372 quandam
427 2287 461 2348 in
476 2286 562 2349 libro
573 2284 715 2372 quodam
726 2286 867 2372 legeram
882 2307 981 2370 quam
994 2283 1050 2346 hic

250 2408 353 2471 oculis
375 2408 551 2494 conspicio.
573 2408 618 2470 At
636 2405 704 2468 illi:
730 2406 887 2487 Quaenam
904 2420 954 2467 est
969 2403 1050 2467 illa?

225 2559 227 2563 ⁴
251 2526 306 2588 Ait
330 2549 407 2589 rex:
437 2527 566 2590 Mulum
592 2527 718 2590 noviter
742 2541 853 2588 natum
877 2525 989 2612 vulpes
1015 2525 1050 2587 in

250 2647 378 2733 pascuis
393 2646 533 2727 invenit,
551 2663 646 2732 atque
660 2644 822 2709 admirans
839 2645 903 2708 ait:
914 2645 966 2707 Tu
977 2645 1050 2730 quis

252 2765 307 2830 es?
323 2767 433 2830 Mulus
455 2766 535 2830 dicit
552 2789 586 2830 se
607 2768 668 2830 Dei
686 2773 761 2830 'esse
781 2783 971 2831 creaturam.
989 2767 1051 2828 Cui

251 2888 382 2974 vulpes:
395 2886 546 2950 Habesne
562 2902 686 2974 patrem
703 2904 759 2951 aut
774 2885 1051 2950 matremeulus

251 3010 322 3073 ait:
345 3007 536 3072 Avunculus
559 3030 651 3070 meus
672 3023 721 3071 est
740 3029 843 3092 equus
863 3005 1050 3094 generosus.

253 3131 344 3196 Sicut
357 3151 434 3217 ergo
450 3129 557 3191 mulus
569 3151 634 3191 non
645 3126 850 3215 recognoscit
860 3125 987 3189 asinum
1002 3148 1054 3212 pa·

227 3318 232 3327 ,
253 3264 336 3314 trem
348 3272 462 3330 suurn,
475 3271 514 3311 eo
529 3246 619 3334 quod
630 3247 760 3335 pigrum
773 3263 806 3309 et
819 3245 965 3308 deforme
979 3246 1052 3306 ani·

255 3364 317 3426 mal
327 3382 384 3445 est,
395 3367 441 3428 sic
453 3366 512 3429 iste
523 3381 648 3452 patrem
658 3387 754 3428 suum
765 3361 913 3437 confiteri
923 3362 1055 3428 erubes-
