2286 4238
573 350 746 428 ›66‹

508 672 704 739 FABULA
726 675 797 741 tx.

300 964 450 1028 Relatum
465 980 528 1046 est,
548 964 656 1050 inquit
668 964 787 1027 iterum
796 946 909 1050 ,φἰοά
921 965 1053 1051 quidam

185 1122 187 1127 ·
256 1086 428 1174 proficiens
453 1085 616 1150 commisit
635 1086 808 1174 conjugem
831 1100 922 1150 suam
945 1088 1055 1150 socrui

254 1232 320 1273 suae
334 1207 534 1274 servandam.
549 1209 638 1271 Uxor
654 1225 762 1271 autem
774 1207 955 1271 introduxit
968 1231 1055 1270 ama·

256 1345 325 1391 tum
340 1330 506 1408 juvenem.
524 1328 652 1408 Quibus
674 1327 882 1414 epulantibus
900 1326 1053 1389 dominus

256 1449 389 1511 veniens
396 1449 529 1526 januam
539 1447 687 1532 pulsavit.
696 1447 842 1510 Surrexit
852 1448 961 1534 itaque
972 1471 1054 1510 uxor

254 1565 287 1630 e't
309 1566 431 1631 dimisit
448 1567 600 1630 maritum
620 1567 760 1646 intrare;
783 1564 841 1628 sed
858 1582 961 1629 mater
977 1590 1052 1629 cum

254 1686 374 1748 amasio
394 1683 466 1748 filiae
487 1707 676 1765 remanens,
699 1686 775 1771 quia
793 1686 885 1747 locus
902 1685 961 1747 ubi
980 1686 1053 1748 abs·

254 1806 451 1871 conderetur
468 1829 535 1869 non
552 1821 636 1885 erat,
654 1803 735 1891 quid
752 1804 875 1867 faceret
889 1805 977 1891 prius
996 1803 1053 1867 du·

254 1927 376 1991 bitavit.
401 1916 470 1992 Sed
500 1928 579 1992 dum
601 1926 665 1991 filia
686 1939 746 1990 suo
768 1926 908 2014 aperiret
932 1929 1050 1989 ostium

220 2044 224 2052 ’
253 2048 388 2130 marito,
414 2049 550 2136 arripuit
573 2048 681 2113 vetula
706 2045 833 2110 nudum
857 2046 1001 2134 gladium
1020 2063 1052 2109 et

253 2171 416 2234 commisit
437 2171 574 2252 amasio,
596 2171 755 2256 jussitque
774 2185 812 2231 ut
834 2180 907 2232 ante
930 2168 1049 2231 ostium

252 2291 286 2352 in
301 2290 436 2353 introitu
452 2290 559 2353 mariti
572 2288 646 2351 filiae
660 2313 725 2352 suoe
740 2290 851 2352 stricto
870 2287 975 2377 gladio
992 2305 1050 2351 sta·

253 2426 317 2490 ret,
332 2398 404 2472 etsi
420 2409 543 2495 aliquid
562 2410 593 2472 ei
607 2410 740 2473 maritus
756 2409 955 2495 loqueretur,
968 2409 1050 2471 nihil

250 2528 471 2616 responderet.
489 2531 581 2594 Fecit
592 2548 629 2593 ut
642 2531 798 2611 jusserat,
824 2546 856 2593 et
874 2547 985 2617 aperto
1000 2554 1050 2594 os-

250 2649 311 2730 tio,
328 2665 366 2713 ut
380 2647 471 2710 illum
489 2650 623 2712 maritus
638 2650 684 2712 sic
703 2666 786 2712 stare
799 2648 881 2712 vidit
896 2650 1048 2713 substitit.

251 2769 349 2854 Quis,
366 2768 489 2855 inquit,
513 2785 549 2831 tu
571 2757 626 2831 es?
648 2771 722 2850 Quo
744 2791 810 2831 non
830 2768 1048 2855 respondente
1091 2782 1093 2785 ’

250 2912 327 2954 cum
342 2889 485 2978 primum
498 2888 733 2975 obstupuisset,
752 2903 831 2950 tunc
846 2889 946 2977 magis
965 2890 1047 2953 exti-

249 3012 343 3075 muit.
370 3008 552 3097 Respondit
573 3009 660 3071 intus
683 3009 790 3072 vetula
805 3031 813 3074 ι
831 3010 911 3072 Care
931 3033 1046 3099 gener,

248 3147 335 3211 tace,
351 3153 392 3194 ne
405 3130 519 3219 aliquis
536 3146 568 3193 te
585 3127 703 3192 audiat.
723 3128 776 3192 Ad
793 3130 863 3194 haec
877 3131 929 3192 ille
946 3132 1046 3218 magis

249 3251 389 3314 mirans:
406 3251 499 3332 Quid¹
512 3252 576 3314 hoc
592 3267 656 3330 est,
671 3251 791 3338 inquit,
807 3274 880 3314 cara
892 3251 1045 3314 domina?

250 3371 344 3432 Tunc
363 3370 505 3434 mulier:
528 3373 617 3434 Bone
637 3369 698 3452 fili,
720 3387 874 3436 venerant
893 3371 958 3435 huc
982 3389 1044 3434 tres
