2286 4238
463 371 506 427 β
532 357 590 419 132
612 371 657 428 ιε

169 479 290 559 libero,
308 500 348 541 ne
364 479 406 541 ite
419 478 479 541 tibi
495 479 661 565 contingat
673 479 759 542 sicut
772 479 911 546 duobus
928 486 977 564 jo·

169 597 365 661 culutoribus
382 598 518 684 contigit
531 613 605 660 ante
622 597 755 685 Regem.
775 598 829 662 Ad
845 601 914 665 hoc
931 601 974 665 fi·

167 717 229 779 lius
249 739 257 778 τ
280 717 382 780 Narra
407 717 504 797 mihi,
536 733 645 803 pater,
669 718 818 782 obsecro.
848 720 947 786 Peter
964 745 973 784 ε

169 835 247 898 Fiat.

394 1152 598 1218 FABULA
623 1152 733 1219 xlx.

210 1425 309 1487 Venit
322 1422 454 1510 quidam
473 1421 632 1501 joculator
647 1420 690 1484 ad
703 1422 846 1510 Regem,
867 1447 972 1512 quem

169 1555 318 1601 vocatum
342 1537 412 1598 Rex
431 1558 506 1598 cum
525 1535 587 1597 alio
607 1535 786 1613 joculatore
810 1537 895 1600 feeit
917 1562 969 1603 se·

169 1649 245 1713 dere
275 1665 370 1734 atque
397 1646 589 1725 comedere3
612 1645 670 1709 sed
693 1648 750 1733 qui
777 1650 871 1736 prius
902 1668 972 1716 erat

166 1763 325 1843 joculator
339 1761 432 1849 caepit
442 1759 586 1823 invidere
605 1762 849 1848 supervenienti
865 1786 968 1851 quem

168 1875 239 1938 Rex
256 1875 318 1937 sibi
339 1873 528 1961 praeferebat
548 1888 580 1934 ct
601 1895 713 1935 omnes
735 1873 844 1937 aulici.
865 1877 968 1959 Quod

171 2011 211 2051 ue
231 1987 362 2051 duraret
386 1985 443 2048 diu
464 1984 624 2073 pudorem
652 1983 699 2045 illi
724 1984 832 2048 facere
858 2004 898 2051 ut
922 1990 968 2052 sic

169 2101 279 2164 saltem
295 2099 464 2187 aufugeret
481 2097 640 2185 cogitavit.
661 2098 773 2183 Itaque
790 2101 968 2165 nescienti·

169 2214 230 2277 bus
241 2214 309 2275 aliis
317 2235 389 2275 ossa
396 2211 531 2273 latenter
539 2211 662 2295 primus
670 2209 832 2289 joculator
842 2213 971 2278 coordi-

175 2325 262 2387 navit
280 2341 312 2387 et
329 2339 402 2386 ante
416 2321 540 2385 socium
555 2322 679 2408 posuit,
698 2320 854 2408 finitoque
868 2347 969 2412 pran.

173 2436 227 2500 dio
240 2437 273 2497 in
285 2435 499 2522 obprobrium
510 2434 635 2496 socium
646 2434 831 2513 conjectans
843 2451 968 2501 struem

171 2549 291 2611 ossium
313 2547 394 2634 Regi
416 2544 556 2608 ostendit
570 2562 602 2608 et
619 2544 814 2608 mordaciter
837 2528 969 2636 inquit':

169 2660 328 2737 Domine,
349 2659 455 2721 socius
472 2680 563 2722 meus
582 2659 728 2721 omnium
745 2658 870 2722 ossium
888 2656 968 2724 isto·

168 2795 243 2836 rum
275 2771 461 2833 vestituram
489 2771 639 2835 comedit.
669 2772 739 2834 Rex
763 2794 843 2836 vero
856 2777 968 2840 'torvis

172 2883 274 2948 oculis
296 2883 445 2970 respexit.
465 2884 643 2947 Accusatus
666 2886 885 2982 autem'iiegi
904 2890 968 2953 ait:

169 2999 309 3062 Domine
321 2996 385 3059 feci
397 2996 486 3084 quod
495 3013 608 3060 natura
616 2999 758 3060 humana
765 3000 969 3086 requirebat,

170 3134 280 3175 carnes
299 3109 426 3173 comedi
445 3128 478 3174 et
494 3133 564 3173 ossa
581 3110 703 3191 dimisi;
726 3111 835 3175 socius
857 3131 969 3180 autem

171 3247 261 3288 meus
283 3225 359 3288 fecit
381 3224 471 3311 quod
491 3246 548 3287 sua
570 3241 684 3288 natura
708 3224 832 3290 scilicet
851 3231 970 3295 canina

172 3337 371 3422 inquirebat,
391 3339 467 3424 quia
482 3336 625 3402 comedit
642 3360 753 3402 carnes
770 3356 804 3404 et
816 3362 902 3407 ossa.
