2286 4238
516 349 559 406 s»
585 329 644 404 140
666 345 709 403 ι

217 451 246 513 si
259 450 485 513 intestinorum
499 449 599 535 plicas
617 470 766 513 meorum
783 451 1019 536 perquisisses,

216 570 315 633 unius
332 569 486 656 'ponderis
508 570 613 632 unciae
627 570 805 648 jacinctum
826 569 1020 637 invenisses.

216 689 294 752 Haec
306 688 442 751 audiens
455 688 507 750 ille
527 689 621 775 caepit
634 687 710 752 flere
727 705 761 752 et
773 688 889 776 palmis
903 706 1021 777 pectus
1093 666 1097 673 ¹

216 825 408 896 percutere,
429 811 583 894 quoniam
606 807 705 872 fidem
719 807 815 873 dictis
834 811 1024 897 praebuerat

216 927 360 990 aviculae.
371 928 416 989 At
424 928 491 990 avis
501 928 545 989 ait
556 928 602 990 illi
619 951 626 991 :
641 929 714 991 Cito
722 929 844 993 oblitus
858 950 1022 994 essemus

218 1070 316 1135 quem
340 1049 399 1112 tibi
417 1048 493 1110 dixi.
513 1048 632 1111 Nonne
655 1047 723 1110 dixi
741 1048 819 1128 tibi,
843 1068 886 1110 ne
906 1047 1022 1113 credas

220 1166 378 1253 quicquid
388 1166 448 1229 tibi
458 1165 606 1229 dicetur?
623 1166 799 1248 Quomodo
810 1164 917 1229 credis
930 1165 1023 1253 quod

220 1286 253 1348 in
273 1310 325 1349 me
346 1288 387 1351 sit
407 1264 566 1366 jacinctus
593 1288 650 1374 qui
673 1288 714 1350 sit
741 1285 896 1374 ponderis
917 1288 1022 1351 -unius

221 1405 343 1485 unciae,
361 1429 436 1468 cum
456 1405 516 1493 ego
532 1422 597 1469 tota
614 1427 680 1468 non
702 1427 775 1468 sum
793 1405 874 1468 tanti
889 1405 1021 1491 ponde·

220 1523 289 1586 ris?
313 1527 356 1587 Er
373 1548 438 1588 nou
467 1526 534 1588 dixi
553 1528 633 1607 tibi,
660 1525 828 1617 redoleas
855 1523 897 1588 de
920 1527 1021 1591 rebus

222 1639 369 1701 amissis?
392 1643 500 1722 Quare
524 1666 583 1728 pro
597 1643 738 1722 jacincto
763 1642 874 1728 quiin
897 1660 1023 1709 meost

222 1757 337 1821 doles?
359 1758 493 1823 Talibus
515 1761 608 1825 dictis
625 1764 747 1828 rustico
769 1762 878 1827 deriso
898 1765 966 1829 avis
986 1765 1020 1828 in

224 1879 365 1942 nemoris
382 1881 452 1943 avia
466 1880 634 1945 devolavit.

282 2364 500 2454 Philosophus
520 2388 618 2428 suum
636 2368 800 2455 castigavit
823 2367 1020 2457 discipulum

227 2486 365 2549 dicens:
390 2484 556 2572 Quicquid
580 2485 725 2548 invenies
749 2486 857 2575 legas,
875 2488 934 2552 sed
956 2512 1022 2552 uon

228 2604 341 2668 credas
354 2605 511 2690 quicquid
528 2606 654 2692 legeris.
672 2605 724 2668 Ad
735 2606 805 2669 haee
820 2605 1021 2694 discipulus:
1088 2633 1092 2641 ·

231 2723 337 2786 Credo
349 2746 415 2785 non
428 2746 497 2786 esse
512 2747 626 2789 verum
644 2726 801 2812 quicquid
816 2727 907 2789 estin
916 2728 1022 2809 libris,

230 2865 304 2906 nam
324 2841 428 2905 simile
451 2843 530 2905 huic
551 2843 614 2931 legi
634 2844 775 2906 inlibris
796 2860 829 2907 et
842 2848 1024 2932 proverbiis

228 2962 500 3050 philosophorum
511 2984 519 3025 :
529 2963 638 3025 Mulrae
648 2978 725 3026 sunt
734 2963 878 3044 arbores,
888 2964 950 3028 sed
960 2989 1026 3031 non

230 3106 342 3146 omnes
363 3083 488 3145 faciunt
503 3083 661 3163 fructum3
681 3083 774 3146 multi
789 3100 867 3147 sunt
881 3085 1027 3169 fructus,

230 3202 289 3264 sed
324 3224 390 3265 non
420 3225 531 3265 omnes
562 3201 822 3266 commestibiles.
854 3203 1029 3294 Castigavit

233 3316 335 3379 Arabs
352 3317 454 3381 filium
473 3342 570 3383 suum
582 3318 694 3382 dicens
708 3340 716 3381 ι
732 3317 811 3399 Fili,
826 3340 868 3382 ne
885 3317 1029 3388 dimittas
