2286 4238
469 346 515 401 ι
540 330 600 393 160
622 343 666 403 ί

168 450 211 514 sit
223 450 381 530 habenas,
398 450 455 537 qui
471 451 646 538 provinciae
663 448 810 514 redditus
823 452 972 540 suscipe·

169 585 219 635 ret
232 588 265 634 et
283 593 395 635 causas
410 587 569 634 tractaret.
584 572 685 650 Cujus
704 555 819 653 frater,
838 572 971 637 alterius

169 691 262 778 regni
278 687 369 753 dives
381 705 551 770 mercator,
570 705 730 753 remotam
745 690 913 756 incolebat
927 693 973 755 ci·

169 810 317 889 ritatem,
332 811 390 896 qui
402 826 557 898 percepto
565 809 607 873 de
620 811 726 874 fratris
739 810 971 875 sublimatione

169 945 280 1017 parato
290 929 445 993 comitatu
455 944 556 1017 prout
567 927 680 992 decuit
695 944 733 992 ut
743 928 879 993 frauern
893 931 974 995 rise-

169 1066 220 1113 ret
239 1051 300 1114 iter
324 1050 464 1136 incepit,
493 1049 659 1137 praemisso
686 1046 820 1113 tandem
847 1050 972 1113 nuncio

170 1191 212 1231 ne
235 1169 363 1233 subitus
384 1185 440 1231 aut
460 1168 656 1256 improvisus
675 1168 823 1249 reniret,
848 1169 909 1256 qui
932 1167 974 1234 de

169 1288 313 1351 adventu
337 1311 398 1351 suo
416 1288 506 1351 fratri
526 1289 671 1352 referret.
698 1288 829 1351 Civitati
848 1288 884 1351 in
909 1312 974 1375 qua

168 1406 266 1469 frater
282 1406 393 1471 aderat
411 1407 690 1495 appropinquarit.
713 1404 837 1470 Audito
863 1407 973 1472 fratris

169 1524 331 1605 adventu,
350 1526 449 1589 frater
463 1527 608 1590 occurrit
623 1544 656 1591 et
670 1527 774 1615 hylari
785 1527 881 1591 vultu
895 1529 979 1594 satis.

171 1665 247 1704 eum
272 1659 421 1705 accurate
446 1645 597 1732 suscepit.
630 1645 816 1709 Transactis
847 1646 976 1738 aliquot

170 1762 288 1826 diebus
307 1765 438 1853 proviso
453 1782 599 1854 ternpore
622 1785 654 1832 et
666 1768 740 1831 loco
755 1768 853 1856 Regis
873 1769 973 1833 etiam

168 1882 300 1946 fratrem
327 1908 424 1948 suum
450 1884 619 1950 advenisse
647 1888 731 1950 inter
755 1903 872 1952 caetera
898 1911 974 1976 quae

169 2008 292 2074 sciebat
313 2007 441 2095 placere
466 2007 585 2071 retulit.
610 2008 671 2070 Cui
692 2007 788 2070 Rex:
806 2007 840 2071 si
871 2008 975 2073 frater

168 2145 243 2193 tuus
262 2143 370 2191 tecum
384 2127 419 2189 in
435 2148 509 2189 meo
528 2148 630 2214 regno
650 2146 818 2188 remanere
831 2127 971 2213 acquie-

168 2249 268 2329 verit,
283 2247 392 2310 omnia
401 2263 510 2310 tecum
524 2246 570 2309 illi
584 2246 681 2309 etiam
694 2266 806 2308 rerum
822 2269 982 2315 mearum.

169 2364 350 2429 custodiam
367 2386 577 2428 communem
599 2386 668 2426 esse
688 2363 858 2445 conced03
880 2364 979 2450 quod

168 2485 196 2547 si
207 2485 353 2546 laborent
366 2485 530 2563 renuerit,
548 2484 583 2545 in
599 2485 660 2546 hac
676 2483 804 2546 civitate
817 2483 924 2572 largas
941 2486 975 2550 ei

168 2604 387 2689 possessiones
400 2603 531 2667 donabo
542 2621 574 2667 et
586 2601 840 2667 consuetudines
852 2620 887 2667 et
898 2627 976 2691 quae

170 2720 306 2783 deberet
316 2720 398 2782 mihi
412 2721 518 2784 facere
533 2723 739 2787 condonabo.
757 2723 790 2787 Si
809 2745 887 2786 vero
910 2723 974 2788 de·

168 2864 260 2905 mum
275 2857 377 2903 tactus
393 2863 503 2904 amore
515 2843 628 2906 natalis
641 2843 702 2906 soli
714 2844 891 2930 repatriare
907 2868 972 2909 vo·

167 2963 282 3045 luerit,
309 2963 403 3051 plura
427 2964 694 3028 vestimentorum
714 2966 909 3047 mutatoria,
940 2984 976 3032 et

169 3106 383 3170 quaecumque
395 3084 426 3146 ei
436 3085 558 3147 fuerint
569 3084 751 3147 necessaria
762 3083 880 3172 largire
893 3109 977 3153 cunt

168 3204 401 3268 habundantia.
419 3206 548 3269 Auditis
566 3207 772 3269 sermonibus
793 3207 891 3294 Regis
909 3209 979 3273 fra-

169 3323 356 3388 terfratrem
367 3328 537 3409 convenit,
551 3342 583 3389 et
597 3342 716 3413 quanta
728 3324 882 3391 dominus
895 3350 975 3416 pro-
