2286 4238
469 363 513 418 »
539 343 599 429 174
620 358 664 417 ε

167 464 287 528 cecidit
301 464 344 527 ita
361 461 452 550 quod
468 479 617 529 mortuus
635 480 699 545 est,
722 480 757 528 et
768 463 847 529 inde
863 482 975 531 exter·

167 585 248 648 ritus
264 585 328 648 suit
346 584 465 648 mulus.
486 583 649 648 Dominus
664 604 673 647 ε
689 582 781 666 Quid
797 583 866 673 agit
879 587 974 675 geni·

167 705 231 769 trix
251 703 344 784 ejus?
373 705 492 768 Servus
515 704 616 769 {Prte
633 705 738 769 nimio
764 703 881 769 dolore
907 708 975 772 nati

167 842 296 891 mortua
304 842 362 890 est.
373 825 534 889 Dominus
545 846 554 888 τ
567 824 649 907 Quis
660 823 805 890 custodit
811 825 971 892 domum?

166 950 285 1012 Servus
304 967 313 1008 z
331 944 463 1025 Nullus,
480 943 636 1030 quoniam
657 944 692 1007 in
711 945 858 1011 cinerem
875 968 971 1011 versa

169 1083 217 1131 est
234 1081 268 1129 et
283 1062 441 1152 quicquid
461 1065 497 1127 in
519 1086 557 1128 ea
572 1079 649 1129 erat
672 1065 859 1129 Dominus:
877 1067 973 1149 Quo·

168 1185 268 1250 modo
283 1184 454 1249 combusta
472 1182 554 1247 fuit?
571 1184 689 1248 Servus
705 1204 713 1246 ε
729 1182 855 1247 Eadem
873 1203 972 1250 nocte

116 1392 121 1400 Ι
168 1301 971 1395 qnadominamortuafuit,pedissequaquterigi-

167 1425 254 1488 labat
277 1448 338 1512 pro
363 1423 509 1504 domina,
534 1422 635 1487 oblita
658 1422 721 1487 tuit
744 1423 916 1489 candelam
936 1427 969 1490 in

170 1546 310 1610 thalamo
320 1547 403 1609 etita
415 1545 585 1608 combusta
593 1543 656 1606 fuit
672 1542 789 1608 domus
803 1560 880 1608 tota.
901 1548 970 1611 Do·

169 1665 278 1727 minus
300 1686 309 1726 ι
330 1663 527 1750 Pedissequa
547 1664 606 1728 ubi
632 1662 702 1727 est?
731 1665 975 1754 Serrust.1pta

169 1785 299 1850 volebat
320 1785 429 1873 ignem
459 1785 650 1872 extinguere
677 1801 710 1848 et
729 1783 851 1848 cecidit
872 1809 972 1874 super

171 1920 269 1991 caput
282 1921 315 1967 et
328 1920 455 1968 mortua
469 1920 525 1968 est.
538 1904 700 1967 Dominus
713 1926 722 1968 t
737 1904 790 1967 Tu
801 1905 970 1991 quomodo

170 2024 299 2090 evasisti
311 2047 388 2088 cum
402 2041 467 2097 tam
485 2023 578 2112 piger
590 2021 655 2086 sis?
673 2023 794 2087 Servus
806 2025 910 2088 :Cum
924 2026 973 2091 ri·

169 2143 281 2209 derem
295 2143 522 2233 pedissequam
539 2141 727 2207 defunctam
742 2143 856 2232 effugi.
875 2145 970 2210 Tunc

170 2265 330 2329 Dominus
346 2263 440 2328 valde
461 2262 669 2327 contristatus
689 2261 731 2326 ad
751 2260 877 2328 vicinos
895 2287 972 2329 suos

170 2385 263 2466 venit
283 2406 378 2448 orans
408 2407 464 2447 eos
490 2398 528 2447 ut
547 2384 750 2470 reciperetur
774 2383 810 2447 in
838 2383 977 2464 alicujus

170 2503 268 2568 domo
287 2521 320 2568 et
333 2505 562 2591 hospitaretur.
583 2503 711 2566 Interea
729 2502 879 2566 obviarit
893 2504 970 2568 cui-

170 2622 246 2690 dant
259 2625 364 2688 amico
378 2647 438 2688 suo
448 2625 504 2710 qui
515 2646 592 2687 cum
608 2623 737 2689 videret
747 2645 823 2688 eum
840 2624 970 2689 tristem

170 2744 381 2831 interrogavit
400 2768 499 2831 quare
518 2746 562 2809 ita
578 2746 767 2811 tristaretur.
792 2745 866 2832 Ipse
892 2767 975 2810 reto

171 2867 282 2932 retulit
296 2866 406 2929 omnia
424 2889 496 2953 quse
515 2867 641 2932 dixerat
656 2868 720 2932 sibi
735 2890 858 2932 servus
879 2868 977 2932 Ami-

172 3013 230 3055 cus
251 3004 359 3054 autem
382 2988 525 3054 desolato
542 2989 654 3053 retulit
675 3012 789 3054 versus
808 2990 917 3054 amico
941 3005 981 3054 ut

173 3112 395 3176 consolaretur
413 3134 503 3194 eum,
525 3111 637 3176 dicens
652 3135 661 3176 τ
675 3111 808 3192 Amice,
829 3111 898 3174 noli
914 3109 976 3174 de·

174 3231 270 3295 solari
280 3233 355 3318 quia
365 3232 559 3297 multociens
572 3233 766 3321 contingunt
774 3230 978 3297 hominitam

177 3370 287 3438 graves
299 3351 528 3418 adversitatum
540 3350 792 3433 inundationes,
814 3350 906 3439 quod
919 3349 980 3417 de.-
