2286 4238
473 353 516 411 ὗ
539 361 602 404 200
625 353 669 410 ⁸(

167 477 245 524 tare.
267 457 359 523 attus
376 480 385 521 ε
401 458 480 521 Heri
499 457 641 522 ducebat
651 458 837 547 exercitus,
865 457 970 543 hodie

168 579 300 645 ducitur
321 579 363 642 ab
386 577 446 644 illis
473 593 505 641 et
527 577 623 642 datur
643 577 827 666 sepulturae.
850 578 967 642 Alius:

169 699 248 762 Heri
270 714 388 762 terram
409 696 599 784 premebat,
625 694 725 759 hodie
748 693 864 788 eadem
890 718 966 784 pre·

168 820 268 885 mitur
283 820 362 907 ipse.
384 818 477 882 Alius
497 840 505 883 ε
527 818 608 881 Heri
631 839 708 880 eum
733 832 846 905 gentes
869 817 966 881 time-

168 941 262 1021 bant,
288 937 388 1003 hodie
413 960 489 1001 eum
513 936 612 1000 vilem
637 935 805 1024 deputant
834 935 930 1000 Alius
958 959 967 999 :

169 1061 250 1124 Heri
267 1060 384 1125 habuit
400 1059 521 1123 amicos
540 1074 573 1122 et
590 1056 761 1139 inimicos,
785 1055 888 1121 hodie
906 1057 967 1120 ha·

169 1184 228 1248 bet
243 1206 356 1246 omnes
378 1181 526 1269 aequales.
557 1178 621 1244 Sed
644 1178 685 1244 de
704 1176 967 1267 viginti-duobus

170 1302 376 1405 Philosophia
404 1298 689 1365 circumstantibus
717 1296 798 1384 quid
828 1297 967 1387 quisque

173 1422 214 1487 de
233 1421 458 1511 potentissimo
472 1421 561 1509 Rege
583 1417 701 1509 dixerit
712 1418 878 1482 memoriae
893 1415 967 1508 lon7

172 1566 249 1630 gum
265 1560 314 1607 est
328 1541 497 1607 reducere.

214 1779 337 1841 Iterum
360 1777 518 1841 heremita
542 1778 759 1866 Philosophus
782 1779 847 1844 hoc
867 1782 967 1847 modo

169 1922 260 1962 suam
281 1898 422 1962 correxit
439 1899 579 1962 animam
604 1923 612 1963 :
635 1900 753 1964 Anima
773 1923 864 1983 mea,
885 1903 966 1966 scias

171 2035 204 2082 et
221 2040 415 2106 cognoscas,
430 2015 510 2080 dum
524 2017 668 2104 potentia
687 2033 736 2080 est
748 2017 783 2080 in
799 2041 901 2082 manu
912 2035 967 2083 tua

171 2137 251 2226 quid
264 2137 407 2225 operaris
419 2151 592 2223 antequam
608 2135 649 2200 de
658 2154 715 2201 tuo
726 2140 885 2203 movearis
894 2139 967 2202 loco

170 2258 212 2321 ad
231 2257 367 2321 domum
383 2257 417 2319 in
435 2279 499 2342 qua
515 2272 625 2320 manet
639 2256 763 2336 justitia
778 2257 870 2323 etad
888 2282 967 2346 por-

170 2394 235 2442 tam
249 2374 367 2456 judicii
382 2375 443 2438 ubi
455 2374 541 2464 leges
560 2377 594 2437 in
615 2375 724 2439 rotulo
739 2375 898 2463 quicquid
913 2394 968 2441 tua

171 2518 285 2589 manus
301 2497 367 2587 egit
378 2498 412 2560 in
426 2497 491 2560 hoo
508 2496 643 2577 saeculo,
661 2497 721 2561 ubi
731 2496 840 2584 angeli
853 2519 872 2560 a
887 2497 967 2562 dex·

170 2618 227 2681 tris
246 2634 279 2680 et
295 2640 314 2679 a
329 2616 464 2680 sinistris
484 2616 726 2705 discooperient
745 2632 778 2680 et
799 2618 968 2681 renuntia·

170 2736 255 2800 bunt
267 2733 439 2798 consilium
457 2752 491 2798 et
502 2735 660 2823 quicquid
678 2735 808 2799 fuerita
824 2751 856 2799 te
870 2755 967 2799 exco-

170 2855 316 2944 gitatum.
329 2854 417 2915 Ante
439 2853 547 2916 Deum
565 2854 676 2918 veniet
695 2869 790 2927 tuum
804 2853 968 2934 judicium

171 2997 237 3037 una
245 2974 337 3037 lance
347 2971 505 3059 quicquid
517 2973 596 3036 boni
610 2973 712 3037 etalio
722 2973 883 3062 quicquid
894 2976 969 3038 mali

170 3097 273 3183 egeris
295 3118 363 3158 uno
383 3111 415 3158 et
435 3094 551 3158 eodem
570 3095 788 3168 declarabitur
809 3096 967 3158 examine.

170 3213 291 3276 Omnes
301 3214 351 3277 tui
360 3213 473 3276 fratres
483 3213 618 3276 etamici
627 3235 694 3275 non
702 3213 869 3277 invenient
880 3229 968 3276 triam

170 3330 428 3419 redemptionem
448 3348 481 3395 et
500 3349 531 3396 te
549 3332 705 3397 deserunt
724 3355 761 3396 ac
777 3325 965 3398 dimitttmt':
1039 3317 1041 3324 ¹
