2286 4238
390 622 583 690 FABULA
607 622 733 690 XVII.

209 923 339 985 Dictum
368 919 430 983 fuit
451 919 491 982 de
516 920 735 1008 burgensibus
766 918 900 985 duobus
931 937 966 985 et

166 1043 288 1106 rustico
322 1062 418 1104 causa
442 1039 595 1102 orationis
634 1038 734 1102 Mech
764 1036 964 1103 adeuntibus

168 1159 371 1248 quodessent
381 1158 461 1222 socii
469 1158 572 1221 victus
580 1157 685 1220 donec
694 1157 843 1220 venirent
851 1158 964 1241 Mecb‚

168 1298 290 1345 ettunc
312 1279 433 1344 defecit
454 1278 515 1342 illis
536 1279 629 1341 cibus
647 1278 689 1341 ita
706 1275 794 1364 quod
818 1300 887 1341 nun
910 1301 964 1343 re·

168 1401 285 1464 mansit
302 1400 346 1462 eis
361 1399 535 1485 quicquam
550 1396 611 1459 nisi
626 1412 752 1460 tantum
771 1395 884 1459 farinae
898 1419 966 1485 qua

168 1520 273 1583 solum
293 1540 410 1606 panem
422 1533 454 1580 et
465 1539 602 1604 parvum
613 1515 766 1581 facerent.
782 1518 966 1605 burgenses

169 1657 247 1698 vero
267 1635 331 1697 boc
345 1632 491 1696 videntes
507 1634 660 1697 dixerunt
668 1633 710 1697 ad
721 1633 863 1697 invicem
876 1656 886 1698 ι
902 1634 965 1699 Pa-

168 1776 243 1817 rum
262 1752 355 1839 panis
368 1751 525 1816 babemus
538 1769 572 1816 et
586 1769 696 1817 noster
706 1753 846 1817 multum
860 1775 969 1819 corne·

170 1870 219 1935 dit
232 1870 362 1950 socius,
388 1888 584 1959 quapropter
606 1887 735 1959 oportet
756 1894 817 1934 nos
844 1872 968 1937 babere

171 1990 341 2055 consilium
354 1990 520 2077 quomodo
528 1991 591 2055 sibi
600 2008 725 2079 partem
736 1992 828 2079 panis
838 1992 969 2057 auferre

170 2113 348 2199 possimus,
371 2126 404 2175 et
421 2109 512 2196 quod
533 2110 706 2174 nobiscum
723 2109 823 2174 debet
836 2111 968 2175 rolino·

171 2231 349 2295 medamus.
369 2226 497 2293 D'einde
512 2246 710 2316 acceperunt
720 2230 860 2309 hujusne
877 2230 970 2295 modi

172 2349 262 2437 quod
282 2350 426 2413 facerent
440 2370 557 2436 panem
574 2363 608 2411 et
625 2364 817 2434 coquerent,
838 2364 872 2412 et
888 2349 969 2413 dum

173 2484 368 2554 coqueretur
391 2467 589 2547 dormirent,
618 2482 651 2529 et
678 2467 825 2552 quisquis
851 2489 968 2533 eorum

174 2584 370 2647 mirabiliora
380 2583 573 2647 somniando
589 2583 731 2665 videret,
749 2584 836 2648 solus
850 2608 970 2672 panem

174 2701 370 2767 comederet
403 2703 481 2766 Hoec
510 2702 680 2768 artificiose
713 2703 866 2768 dicebant
894 2707 971 2793 quin

173 2822 353 2910 simplicem
375 2823 534 2886 rusticum
557 2823 598 2886 ad
626 2824 723 2904 bujus
745 2823 837 2889 modi
857 2822 972 2891 fictitia

175 2944 382 3031 deputabant.
404 2942 446 3005 Et
457 2941 608 3006 fecerunt
618 2965 736 3031 panem
755 2967 855 3030 quem
869 2967 972 3009 coxe-

174 3080 269 3146 runt,
297 3063 430 3128 demum
455 3064 628 3143 jacuerunt
655 3078 692 3126 ut
720 3062 895 3128 domitent
929 3067 976 3131 At

175 3185 333 3265 rusticus,
355 3199 506 3271 percepta
525 3204 638 3246 eorum
657 3183 788 3263 astutia,
806 3182 975 3248 dormien-

176 3302 263 3365 tibus
281 3305 397 3384 sociis,
414 3305 509 3367 traxit
520 3326 638 3389 panem
657 3303 891 3386 semicoctum,
912 3329 973 3370 co·
