2286 4238
545 337 584 403 18
627 350 671 407 1

212 461 399 552 Πὶκίριὼιε
412 356 567 548 magis'tro
579 341 686 521 :ACum
692 455 811 520 celeria
821 457 885 520 ista
896 473 975 521 suut

170 585 282 665 exilio,
307 607 369 648 cur
392 602 610 672 praeparamus
633 593 721 643 tama
747 579 843 665 quasi
872 576 972 641 dura·

170 704 274 769 bilia?
300 702 456 791 Magister
478 723 488 762 t
510 698 676 782 Quoniam
709 697 783 762 vitae
812 697 971 761 terminus

172 843 222 892 est
245 826 399 888 incertus.
421 819 640 908 Philosophus
654 840 663 882 :
678 819 826 907 Operare
848 841 911 907 pro
925 819 975 882 fu·

171 968 246 1016 mro
265 945 385 1012 seculo
411 944 505 1032 quusi
531 965 621 1006 nuuc
647 941 692 1006 sis
720 941 920 1024 moriturus,
944 959 975 1006 et

172 1093 233 1158 pro
254 1066 405 1157 presenti
422 1065 509 1129 sicut
523 1084 654 1151 semper
672 1062 841 1144 vicmruo3
858 1062 974 1126 meiius

173 1190 261 1255 euim
280 1205 330 1253 est
353 1185 444 1275 quod
463 1201 538 1274 post
553 1200 643 1248 tuum
659 1198 799 1248 mortem
814 1207 834 1248 a
846 1200 880 1248 te
892 1206 977 1272 quae-

173 1310 233 1373 situ
260 1308 403 1372 habeant
429 1303 581 1384 inimici,
609 1325 707 1389 quum
727 1301 763 1366 iu
788 1302 854 1366 viu
883 1325 975 1392 egeas

174 1426 265 1515 quod
291 1427 352 1490 tihi
380 1423 577 1489 subveniunt
594 1421 730 1485 inimici.
752 1421 808 1486 Ob
824 1423 897 1488 haec
914 1422 975 1487 ita-

174 1569 239 1632 que
268 1568 345 1608 cum
378 1544 547 1606 honestate
576 1541 638 1604 tihi
670 1542 781 1605 omnia
814 1542 973 1630 provido,

176 1666 253 1750 quia
273 1664 383 1728 brevis
409 1678 459 1725 est
484 1684 599 1724 cursus
620 1662 701 1725 vitae.
720 1661 814 1726 Alius
836 1685 845 1726 ε
866 1662 974 1727 Sucu-

174 1783 244 1847 lum
266 1798 317 1846 est
336 1781 428 1868 quasi
450 1780 524 1844 fons
553 1781 711 1846 instabilis
739 1783 834 1862 cujus
859 1783 976 1846 intrui-

175 1923 228 1970 tus
253 1920 303 1968 est
331 1903 441 1968 matris
478 1919 615 1986 uterus,
645 1919 680 1967 et
711 1903 860 1983 ejusdem
889 1927 976 1968 mors

176 2027 240 2091 erit
270 2025 384 2090 exitus.
417 2021 658 2089 Versificator:

211 2174 277 2221 Mors
285 2181 398 2237 estporto
403 2181 494 2235 patens
504 2170 609 2219 temnit
616 2168 701 2234 μυῖα
710 2169 819 2233 mactis,

210 2274 262 2323 Sed
270 2289 355 2339 quoero
361 2283 418 2338 post
427 2271 494 2321 Itone
504 2289 560 2338 quoe
569 2271 601 2322 sit
610 2270 723 2320 habenda
733 2271 828 2320 domus'.

176 2405 234 2466 Est
254 2400 371 2465 domus
391 2399 575 2465 delitiarum
590 2402 662 2464 Deo
678 2400 907 2465 famulantium
931 2419 979 2466 est

177 2538 209 2586 et
227 2520 353 2586 diversa
378 2544 489 2609 poenas
511 2522 779 2610 promerentium.
811 2523 917 2587 Arabs
937 2522 979 2587 ud

176 2655 301 2729 putrem
323 2661 331 2702 z
357 2640 474 2723 Pater,
501 2639 668 2727 quomodo
690 2639 826 2704 domum
851 2641 978 2706 delitia-

178 2782 252 2833 rum
272 2775 305 2821 et
329 2758 463 2847 gloriam
483 2761 552 2840 ejus
573 2761 694 2826 lucrari
709 2763 849 2850 potero?
864 2764 978 2828 Pater:

179 2879 346 2969 Quicquid
362 2879 478 2944 melius
495 2898 528 2944 et
543 2884 715 2971 pretiosius
732 2885 835 2948 habes
856 2909 980 2975 repone

178 3006 213 3068 iu
238 3027 275 3067 ea
298 3000 549 3067 custodiendum
572 3021 604 3067 et
625 3006 786 3087 invenies,
810 3030 889 3070 cum
903 3008 980 3071 illuc

179 3124 322 3204 veneris,
355 3121 414 3186 tibi
441 3139 598 3210 paratum.
636 3124 736 3188 Filius
768 3148 775 3187 :
802 3126 980 3208 Quomodo

180 3265 312 3328 possum
336 3245 462 3305 ineam
488 3242 623 3307 domum
648 3248 822 3333 pecuniam
841 3246 981 3335 praemit-

179 3375 246 3421 tere
275 3362 367 3440 cujus
395 3363 513 3427 ostium
537 3387 603 3427 uon
626 3366 702 3427 novi
729 3365 845 3429 adire?
863 3366 979 3430 Pater:
