2286 4238
544 381 588 434 β·
615 385 673 427 102
697 377 741 435 1

246 488 370 551 veniet
391 487 468 566 juva
490 507 542 548 me
562 484 670 547 oleum
696 484 840 548 effodere
866 484 958 571 quod
982 501 1043 549 tuae

244 600 438 681 jamdudum
476 599 626 664 mandavi
664 599 836 680 custodiae,
866 616 898 663 et
921 599 1042 664 laboris

247 715 417 802 praemium
437 716 576 802 accipies
598 730 630 776 et
650 714 765 776 tutelae.
791 715 922 777 Juvenis
935 713 1046 777 audita

246 848 344 915 prece
361 849 438 890 cum
461 827 566 914 pretio
586 824 679 888 diviti
694 826 856 889 concessit
872 843 909 889 ut
926 849 1046 890 secun·

247 936 327 1002 dum
352 963 446 1027 posse
473 963 569 1003 suum
593 961 669 1001 eum
692 939 829 1017 juvaret.
859 939 957 1002 Dives
979 961 1047 1002 non

248 1049 368 1113 oblitus
382 1074 447 1114 suae
464 1051 587 1115 fraudis
599 1050 822 1136 nequissimae,
835 1049 972 1114 adduxit
983 1051 1047 1115 ho·

250 1163 354 1225 mines
377 1181 415 1227 ut
434 1166 543 1228 oleum
566 1178 721 1228 emerent.
735 1164 864 1245 Quibus
880 1163 1047 1247 adductis,

248 1289 366 1338 terram
385 1293 583 1364 aperuerunt
596 1292 629 1338 et
647 1275 793 1361 quinque
812 1278 927 1364 plenos
943 1277 1049 1341 tonel-

247 1389 296 1452 los
304 1406 337 1453 et
346 1390 491 1477 quinque
502 1390 656 1454 dimidios
667 1387 871 1453 invenerunt.
882 1390 1049 1479 Perceptis

249 1503 366 1566 talibus
384 1505 512 1568 vocavit
525 1529 664 1593 puerum
681 1509 724 1569 ita
739 1501 880 1567 dicendo
892 1525 900 1565 ε
914 1504 1049 1587 Amice,

250 1637 347 1678 causa
370 1633 432 1680 tuae
465 1618 620 1686 custodiae
648 1620 741 1684 amisi
765 1618 894 1697 oleum;
916 1618 1052 1705 insuper

251 1728 342 1814 quod
364 1730 424 1793 tibi
448 1732 597 1794 commisi
617 1732 842 1796 fraudulenter
866 1728 1049 1809 abstulisti,

250 1859 445 1930 quapropter
462 1843 536 1906 volo
560 1860 596 1907 ut
612 1846 693 1908 mihi
714 1868 786 1907 mea
810 1844 969 1907 restituas.
991 1843 1051 1906 His

250 1952 344 2017 dictis
367 1978 442 2020 eum
455 1957 541 2045 cepit
558 1975 590 2021 et
600 1959 697 2022 vellet
714 1957 815 2020 nollet
827 1955 869 2019 ad
887 1957 1047 2036 justitiam

251 2067 393 2132 deduxit.
417 2071 545 2133 lustitia
569 2093 645 2134 eum
658 2069 773 2133 videns
791 2069 973 2150 accusavit,
992 2067 1054 2132 sed

250 2181 379 2260 juvenis
403 2181 484 2274 quid
507 2199 619 2246 contra
646 2181 770 2245 diceret
792 2180 946 2262 nescivit,
965 2197 1077 2261 atta-h

250 2318 326 2358 men
339 2294 487 2358 inducias
500 2296 597 2358 unius
616 2293 681 2357 diei
692 2295 857 2380 quesivit,
873 2292 965 2379 quod
977 2294 1052 2374 jus·

251 2409 337 2488 titia,
352 2409 428 2493 quia
440 2408 564 2486 justum
579 2424 663 2488 erat,
679 2409 849 2471 concessit.
868 2407 907 2468 ln
922 2407 1054 2471 civitate

251 2536 360 2582 autern
386 2519 440 2581 illa
464 2521 651 2584 morabatur
674 2520 808 2607 quidam
834 2510 1056 2608 Philosophus

252 2631 309 2717 qui
338 2632 629 2718 cognominabatur
659 2633 826 2697 Auxilium
864 2634 1055 2722 egentium,

252 2742 359 2804 bonus
389 2742 489 2808 homo
518 2760 551 2806 et
574 2744 753 2833 religiosus.
782 2745 915 2810 Juvenis
941 2745 1057 2810 audito

250 2855 403 2919 bonitatis
431 2855 516 2918 illius
536 2859 699 2943 praeeonio
722 2858 864 2945 perrexit
888 2856 930 2921 ad
955 2880 1057 2942 eum,

251 2969 462 3056 quaesivitque
479 2970 571 3032 abeo
590 2973 763 3034 consilium
777 2970 888 3033 dicens
903 2993 910 3033 ι
928 2971 962 3035 si
973 2994 1056 3037 vera

251 3101 327 3147 sunt
338 3106 409 3170 quae
420 3083 460 3147 de
474 3100 504 3147 te
518 3085 599 3147 mihi
612 3084 828 3148 referentibus
844 3082 953 3146 multis
964 3069 1057 3150 dicta

251 3214 328 3260 sunt
350 3220 441 3261 more
468 3197 670 3279 domestico,
696 3198 745 3260 fer
772 3197 854 3258 mihi
876 3195 1059 3281 auxilium,

253 3310 374 3372 etenim
395 3311 513 3390 injuste
530 3333 675 3374 accusor.
699 3309 919 3396 Philosophus
944 3311 1062 3377 audita

251 3445 349 3513 prece
363 3423 493 3502 juvenis
511 3423 719 3512 interrogavit
731 3423 760 3487 si
769 3423 855 3502 juste
870 3422 922 3487 vel
935 3423 1061 3503 injuste
1096 3426 1099 3438 '
