2286 4238
486 363 529 420 aa
551 349 572 412 6
593 363 637 421 ε

167 469 285 532 iaciant
306 468 478 533 recordari.
504 471 678 558 Propterea
701 469 845 539 libellum
872 493 962 536 com·

166 585 261 672 pegi,
282 585 398 671 partim
419 606 458 646 ex
476 585 654 671 proverbiis
672 584 962 672 philosophorum,

167 711 200 758 et
216 696 281 758 suis
298 695 558 782 castigationibus
570 696 723 778 arabicis,
740 696 918 778 et'fabulis,
933 714 965 774 et

167 807 324 887 versibus,
334 807 450 893 partim
460 829 500 869 ex
506 807 691 871 animalium
700 824 732 870 et
739 807 909 872 volucrum
921 809 964 872 si·

169 916 415 982 militudinibus.
437 919 573 983 Modum
586 937 692 984 autem
713 920 913 985 consideravi
924 944 965 984 ne

170 1029 196 1090 si
212 1028 305 1115 plura
316 1033 500 1094 necessariis
515 1033 715 1120 scripserim,
733 1033 852 1123 scripta
874 1035 966 1101 oneri

170 1144 277 1230 potius
294 1144 358 1206 sint
373 1143 485 1207 lectori
497 1168 594 1230 quam
611 1145 757 1208 subsidio
778 1161 810 1208 et
828 1145 965 1237 legentij

170 1257 231 1319 bus
259 1273 290 1320 et
318 1257 523 1323 audientibus
552 1257 749 1322 desiderium
778 1274 810 1321 et
838 1259 966 1321 occasio

171 1368 344 1434 ediscendi.
361 1372 501 1434 Scientes
515 1393 591 1434 vero
605 1393 663 1458 per
680 1393 716 1433 ea
735 1393 806 1456 quae
820 1370 873 1433 hic
888 1394 968 1434 con·

172 1483 334 1564 tinentur,
350 1483 525 1547 oblitorum
539 1484 796 1546 reminiscantur.
819 1485 904 1546 Huic
928 1483 968 1546 li·

173 1595 259 1659 bello
275 1617 395 1659 nomen
408 1596 598 1683 injungens,
612 1612 645 1659 et
662 1612 711 1659 est
727 1618 765 1658 ex
781 1618 832 1675 re,
847 1594 881 1657 id
905 1611 969 1675 est,

175 1730 369 1771 carricatis
395 1730 587 1772 numanum.
615 1708 733 1772 Reddit
760 1710 846 1773 enim
870 1708 970 1771 Cleri·

177 1842 252 1883 cum
264 1819 510 1906 disciplinatum.
525 1820 702 1885 Vitandum
720 1838 828 1883 tamen
843 1820 974 1883 decrevi

177 1953 236 2018 pro
252 1932 460 2018 possibilitate
477 1955 590 1996 sensus
610 1934 695 2014 mei,
708 1956 749 1995 ne
762 1931 840 2018 quid
855 1934 889 1995 in
902 1955 974 1995 nos·

178 2063 229 2112 tro
245 2048 400 2111 Tractatu
410 2047 591 2129 inveniatur
601 2045 691 2132 quod
701 2062 818 2109 nostrae
830 2045 972 2108 creduli-

178 2159 236 2235 tati
254 2159 295 2223 sit
307 2159 524 2239 contrarium,
544 2158 596 2224 'vel
616 2181 634 2221 a
656 2175 766 2223 nostra
784 2156 850 2220 fide
866 2157 973 2221 diver·

178 2275 261 2354 sum.
281 2272 334 2349 Ad
348 2271 577 2359 quodadjuret
598 2295 650 2337 me
670 2273 874 2359 omnipotens
888 2271 975 2333 Deus

180 2387 237 2450 cui
256 2410 354 2475 super
374 2389 472 2467 nitor.
490 2389 603 2463 Amen.

225 2500 259 2563 Si
279 2502 350 2589 quis
372 2518 479 2583 tamen
497 2501 562 2563 hoo
579 2497 774 2586 opusculum
786 2497 931 2574 humano
948 2511 978 2557 et

184 2614 332 2700 exteriori
354 2614 450 2676 oculo
475 2611 691 2700 percurrerit,
719 2607 852 2696 etquid
877 2608 912 2671 in
938 2629 977 2688 eo

185 2722 276 2812 quod
295 2700 438 2786 bumana
455 2746 569 2811 parunt
592 2723 675 2786 cavit
697 2738 828 2802 natura,
845 2700 991 2800 viderit,¹

184 2835 344 2901 subtiliori
368 2816 464 2918 oculo
490 2835 607 2898 iterum
637 2851 669 2897 et
695 2836 811 2897 iterum
837 2832 981 2920 relegere

185 2970 323 3030 moneo,
338 2964 370 3011 et
379 2947 509 3012 demum
524 2964 556 3011 et
568 2947 646 3036 ipsi,
663 2963 694 3010 et
705 2945 856 3009 omnibus
868 2944 981 3007 catho-

139 3074 141 3079 '
185 3060 253 3124 licae
287 3059 365 3124 fidei
388 3059 540 3148 perfectis
571 3052 798 3149 corrigendum
827 3079 981 3146 appono:

167 3220 171 3226 .
187 3175 267 3238 nihil
291 3175 422 3238 enimin
442 3175 591 3238 humanis
606 3171 788 3237 actionibus
803 3171 983 3258 perfectum

189 3303 280 3373 putat
291 3289 512 3376 philosophus.
