2286 4238
548 340 593 396 δ
615 332 655 406 24
678 346 722 404 ε

241 451 313 538 quit
332 473 342 512 e
358 451 392 513 Si
407 470 538 514 meeum
559 473 689 514 manere
706 452 905 538 acquiescis,
928 458 1041 519 omnia

240 572 351 651 nobis,
363 587 463 657 prout
471 569 584 650 decet,
598 572 909 654 eruntcommuuia3
922 574 949 636 si
960 597 1040 639 vero

240 689 413 779 repatriare
422 689 582 769 volueris,
593 711 664 775 quae
674 707 751 753 sunt
761 713 832 753 mea
842 713 933 777 aequa
946 693 1039 759 lance

240 813 425 900 partiamur.
443 811 486 874 At
502 810 553 874 ille
570 811 681 874 natalis
700 810 760 874 soli
775 810 949 876 dulcedine
964 815 1041 879 irre·

239 934 331 1014 titus,
347 950 472 1021 partem
487 917 585 997 totius
608 933 794 996 substantia>
811 957 909 1020 quam
923 937 953 999 ei
975 937 1038 1007 ob·

241 1053 357 1118 tulerat
365 1055 508 1143 recepit,
521 1055 633 1142 sicque
648 1054 819 1141 repatriari
858 1056 916 1124 His
929 1058 1040 1145 itaque

238 1173 363 1257 relatis,
379 1176 488 1262 inquit
499 1173 592 1239 filius
611 1174 653 1240 ad
678 1190 805 1263 patrem
821 1198 832 1240 τ
846 1177 902 1241 vix·
917 1181 1040 1266 poterit

239 1296 398 1385 repperiri
410 1297 551 1362 amicus.

283 1418 373 1482 Dixit
394 1418 474 1480 alius
494 1416 709 1506 philosophus
732 1441 740 1480 ε
762 1419 897 1506 Propter
915 1421 1038 1485 amicos

240 1558 307 1601 non
322 1537 475 1624 probatos
493 1534 628 1624 provide
647 1536 707 1600 tibi
723 1537 823 1600 semel
841 1537 882 1602 de
896 1539 1039 1604 inimicis

241 1672 274 1720 et
286 1655 400 1718 millies
418 1654 459 1718 de
472 1654 600 1735 amicis,
618 1656 694 1742 quia
710 1657 818 1720 forsan
839 1656 1038 1746 quandoque

240 1776 364 1839 amicus
387 1774 447 1838 fiet
468 1775 639 1857 inimicus,
664 1792 697 1840 et
718 1777 765 1841 sie
778 1776 897 1845 levius
916 1781 1040 1867 poteris

241 1895 406 1982 requirere
420 1894 602 1984 dampnum
615 1912 723 1960 tuum..
732 1896 815 1960 Item
827 1897 917 1961 alius
927 1899 1038 1987 philo·

242 2018 388 2106 sophus:
402 2017 559 2080 Cave-tibi
574 2040 593 2080 a
607 2017 742 2102 consilio
754 2017 870 2082 illiusa
880 2042 946 2107 quo
955 2025 1038 2110 petis

239 2141 428 2221 eonsilium,
449 2139 513 2202 nisi
534 2138 576 2202 sit
595 2138 657 2202 tibi
671 2137 774 2202 fidelis
795 2142 1038 2228 comprobatus.

239 2262 320 2325 Item
343 2260 426 2324 alius·
446 2283 454 2323 ε
474 2258 615 2322 Consule
641 2259 746 2322 amico
769 2277 826 2323 tuo
851 2261 885 2323 in
911 2262 1038 2328 bonurn

238 2399 395 2468 quantum
410 2382 549 2472 poteris,
577 2379 637 2443 etsi
653 2379 714 2442 tibi
728 2378 861 2442 credere
879 2381 1038 2465 noluerit;

235 2501 360 2578 justum
370 2501 457 2564 enim
467 2516 516 2564 est
528 2516 567 2565 ut
576 2498 640 2565 sihi
654 2497 815 2580 consulas,
824 2498 902 2563 licet
908 2517 1039 2571 rectum

238 2635 276 2683 ut
285 2620 488 2684 inconsultus
501 2637 599 2687 tuum,
608 2643 675 2684 uon
686 2636 841 2706 sequatur
852 2622 1037 2689 eonsiliuuu

238 2739 330 2802 Alius
346 2761 355 2803 τ
370 2738 447 2802 Noli
459 2738 637 2802 consilium·
645 2740 840 2801 tuum-omni
852 2740 980 2814 homiui
989 2765 1040 2809 re-

205 2845 210 2855 *
237 2860 360 2940 velare3
384 2859 442 2945 qui
466 2859 554 2920 enim
576 2858 748 2920 consilium
771 2874 865 2921 tuum
882 2859 917 2921 iu
936 2859 1037 2923 eorde

239 3002 298 3042 suo
309 2978 441 3059 retinet,
450 2977 502 3040 sui
508 2977 590 3058 juris
601 2993 648 3039 est
657 2975 772 3039 melius
783 2975 912 3065 eligere.
924 2976 1037 3040 Alius:

239 3098 417 3162 Consilium
437 3096 666 3191 absconditum
680 3095 771 3181 quasi
788 3095 965 3159 incarcere
980 3113 1039 3163 tuo

240 3233 288 3280 est
303 3234 484 3299 retrusum3
504 3215 681 3280 revelatum
705 3237 783 3277 vero
803 3231 833 3279 te
852 3215 886 3277 in
908 3239 1038 3280 carcere

242 3357 302 3399 suo
320 3352 408 3400 tenet
422 3337 566 3424 ligatum.
586 3336 701 3402 Alius:
719 3359 760 3400 ne
779 3353 811 3402 te
829 3337 1039 3406 associaveris
