2286 4238
471 351 515 408 υ
542 333 602 411 184
624 345 668 402 4

208 456 395 547 Discipulus
409 454 563 543 magistro
576 474 585 518 τ
597 454 682 516 Cum
689 451 807 516 celeria
818 453 881 516 ista
893 469 968 517 sunt

167 580 278 661 exilia,
304 602 365 644 cur
389 598 606 667 praeparamus
630 589 718 639 tanta
744 576 839 662 quasi
869 573 965 638 dura-

166 699 270 765 bilia?
297 697 483 786 Magister:
507 693 673 778 Quoniam
705 694 779 758 vitoe
808 694 964 758 terminus

168 838 217 886 est
241 820 395 884 incertus.
417 815 636 904 Philosophus
651 837 659 878 ε
674 815 822 904 Operare
844 838 906 904 pro
920 815 967 879 fu·

167 963 242 1010 turo
261 941 381 1007 saeculo
407 939 501 1028 quasi
527 960 617 1002 nunc
644 938 688 1002 sis
717 937 914 1021 moriturus,
938 955 968 1002 et

168 1088 228 1152 pro
250 1061 401 1152 praesenti
419 1061 504 1124 sicut
520 1080 650 1146 semper
669 1057 836 1140 victurus3
854 1058 967 1122 melius

169 1185 258 1250 enim
276 1201 325 1249 est
349 1181 439 1270 quod
459 1197 533 1270 post
549 1196 639 1244 tuam
655 1194 794 1244 mortem
809 1196 875 1246 ate
888 1203 969 1269 quar·

169 1305 229 1368 sita
255 1303 399 1367 habeant
425 1299 577 1381 inimici,
605 1321 703 1385 quam
723 1299 758 1362 in
783 1299 850 1363 rita
877 1321 967 1389 egeas

170 1423 260 1510 quod
287 1422 347 1487 tibi
376 1419 572 1484 subveniant
590 1417 726 1482 inimici.
748 1417 803 1482 Ob
819 1419 892 1485 haeo
909 1418 967 1484 ita·

170 1563 234 1628 que
264 1563 341 1604 oum
374 1540 543 1602 honestato
572 1537 633 1602 tibi
666 1539 777 1602 omnia
808 1539 967 1626 provide,

172 1662 248 1746 quia
269 1660 378 1723 brevis
405 1674 455 1721 est
480 1681 594 1721 cursus
615 1659 697 1723 vitae.
716 1658 809 1722 Alius
831 1682 840 1724 ε
862 1660 968 1725 Saecu·

171 1779 240 1843 lum
262 1795 312 1842 est
332 1776 424 1864 quasi
446 1777 520 1840 fons
549 1778 706 1842 instabilis
735 1780 829 1860 cujus
855 1781 969 1844 introi·

171 1919 223 1966 tus
249 1916 299 1965 est
326 1900 436 1964 matris
475 1915 611 1984 uterus,
641 1916 675 1964 et
706 1900 856 1981 ejusdem
884 1924 970 1966 mors

171 2022 234 2087 erit
266 2021 379 2086 exitus.
412 2018 620 2085 Versilicator
645 2042 653 2082 t

206 2170 272 2217 Mors
280 2177 393 2234 estporta
398 2176 489 2232 patens
500 2166 604 2215 terranis
611 2165 696 2231 pervia
706 2167 814 2230 emetis,

205 2270 257 2319 Sed
264 2286 349 2336 quaero
356 2279 413 2334 post
423 2267 489 2317 Itane
499 2285 554 2334 quar
564 2267 596 2319 sie
605 2267 718 2317 labenda
729 2269 822 2318 domus'.

171 2401 229 2462 Est
249 2396 366 2461 domus
386 2396 570 2461 delitiarum
585 2399 656 2462 Deo
674 2398 902 2462 famulantium
926 2417 989 2469 est.

172 2534 204 2582 et
222 2518 348 2582 diversa
374 2540 484 2605 poenas
506 2520 774 2606 promerentium.
806 2521 912 2585 Arabs
933 2520 973 2585 ad

171 2652 326 2724 patrem:
352 2637 469 2720 Pater,
496 2636 662 2724 quomodo
685 2637 821 2702 domurn
846 2639 972 2705 delitia-

172 2779 247 2829 rum
267 2771 299 2818 et
324 2755 459 2842 gloriam
478 2758 547 2837 ejus
568 2759 689 2823 lucrari
705 2760 844 2848 potero?
859 2762 972 2827 Pater:

173 2875 340 2966 Quicquid
356 2875 472 2940 melius
490 2895 523 2941 et
538 2882 710 2967 pretiosius
728 2882 829 2946 habes
851 2905 975 2973 repone

172 3003 207 3064 in
231 3024 269 3064 ea
291 2997 544 3063 custodiendum
566 3018 599 3063 et
619 3003 780 3084 iuvenies,
805 3028 884 3067 cum
896 3005 974 3069 illuc

173 3120 315 3201 veneris,
348 3118 408 3182 tibi
435 3136 592 3206 paratum.
630 3121 730 3185 Filius
762 3144 770 3184 :
797 3124 974 3206 Quomodo

173 3261 305 3323 possum
329 3241 456 3301 ineam
483 3237 617 3304 domum
642 3245 816 3330 pecuniam
834 3244 975 3331 praemit·

173 3371 240 3416 tere
269 3358 361 3435 cujus
389 3360 507 3423 ostium
531 3384 597 3423 nou
620 3363 696 3425 novi
724 3361 838 3426 adire?
858 3364 973 3427 Pater:
