2286 4238
542 373 586 428 b
613 359 674 433 104
696 370 739 427 Q

238 494 429 542 accusarent
445 501 530 542 eum.
551 478 686 541 Juvcnis
707 499 786 540 vero
807 477 898 564 quod
922 479 1045 558 injuste

237 608 445 657 accusaretur
461 592 602 656 firmavit
616 609 828 656 sacramento.
845 592 970 657 Audita
995 595 1046 657 rei

239 705 371 769 veritate
400 704 619 792 Philosophus
635 705 753 791 pietate
775 721 958 769 commotus
976 707 1043 773 ait:

237 816 422 881 Auxiliante
431 820 501 881 Deo
512 817 614 880 feram
624 817 685 880 tihi
696 816 854 880 auxilium
864 841 874 899 3
884 816 944 881 sed
954 819 1045 885 sicut

175 987 185 996 .
237 949 257 989 a
267 931 389 1012 justitia
402 946 586 1018 respectum
598 931 747 1017 usquein
762 930 937 994 crastinam
951 929 1042 996 diem

237 1044 406 1133 accepisti,
426 1042 494 1105 noli
510 1040 672 1104 dimittere
696 1043 775 1129 quin
797 1064 850 1105 eas
876 1041 918 1105 ad
940 1043 1044 1130 placi·

238 1179 326 1241 turn,
345 1182 401 1222 ero
417 1158 465 1221 ihi
481 1172 610 1243 paratus
624 1179 816 1219 succurrere
836 1172 899 1219 tuae
913 1157 1045 1222 veritati

239 1291 336 1360 atque
358 1295 473 1336 eorum
493 1293 612 1333 nocere
625 1270 761 1333 falsitati.
784 1271 916 1333 Iuvenis
931 1287 1044 1334 autem

239 1385 329 1474 quod
348 1378 563 1479 Philosophus
587 1406 662 1446 eum
685 1383 824 1461 jusserat
844 1383 919 1471 egit.
942 1383 1044 1446 Mane

237 1516 346 1562 autem
364 1499 448 1561 facto
459 1546 467 1577 ,
477 1497 568 1560 venit
578 1496 795 1583 Philosophus
808 1495 849 1559 ad
858 1496 1040 1580 justitiam,

238 1633 336 1697 quern
350 1626 521 1696 postquam
535 1608 615 1672 vidit
624 1609 748 1688 justitia
761 1624 799 1671 ut
814 1609 994 1696 sapientem
1009 1627 1044 1673 et

239 1722 476 1809 Philosophum
494 1722 635 1802 vocavit,
654 1738 873 1809 vocatumque
895 1722 988 1800 jnxta
1007 1747 1043 1786 se

242 1835 356 1899 sedere
370 1835 457 1898 fecit
476 1832 557 1897 Inde
571 1833 693 1912 justitia
709 1835 837 1898 vocavit
850 1851 1043 1900 accusantes

239 1966 271 2013 et
285 1965 471 2013 accusatum
483 1998 492 2029 ‚
504 1949 722 2035 praecepitque
734 1947 825 2034 quod
841 1971 979 2012 suorum
993 1971 1044 2012 re·

238 2061 453 2125 cordarontur
470 2060 663 2148 placitorum
685 2077 718 2123 et
734 2061 778 2124 ita
794 2062 953 2124 fecerunt.
973 2061 1042 2124 Illis

240 2197 320 2238 vero
334 2175 528 2254 astantibus,
542 2173 663 2251 justitia
679 2174 723 2236 ait
732 2174 931 2262 Philosopho
949 2174 1043 2261 quod

239 2311 351 2352 causas
382 2287 512 2350 audiret
544 2302 577 2348 ct
608 2285 686 2348 inde
717 2285 879 2364 judicium
906 2289 1042 2354 faceret.

238 2400 320 2464 Inde
332 2401 549 2487 Philosophus
562 2421 569 2462 :
583 2398 742 2485 Praecipe,
752 2399 894 2480 justitia,
913 2401 1041 2465 clar-um

238 2513 347 2575 oleum
359 2512 399 2575 de
417 2513 563 2598 quinque
577 2511 703 2575 tonellis
716 2511 819 2598 plenis
834 2517 1041 2596 mensurari,

238 2641 270 2687 et
287 2625 368 2687 scias
380 2641 536 2710 quantum
557 2625 599 2688 sit
617 2625 677 2688 tibi
695 2625 773 2687 clari
788 2624 872 2706 olei,
893 2643 926 2689 et
944 2628 1040 2691 simi·

236 2736 309 2799 liter
324 2735 364 2799 de
384 2737 530 2823 quinque
548 2735 711 2818 dimidiis,
729 2753 762 2800 et
781 2738 863 2801 scias
876 2755 1041 2824 quantum

236 2849 284 2912 ihi
300 2849 380 2912 clari
402 2849 465 2912 olei
490 2850 597 2913 fuerit.
621 2849 748 2913 Deinde
769 2851 910 2938 spissum
928 2851 1042 2919 oleum

237 2963 278 3026 dc
302 2964 447 3050 quinque
471 2964 575 3051 plenis
602 2965 727 3028 tonellis
750 2965 791 3028 sit
813 2982 1042 3030 mensuratum

238 3078 360 3140 etscias
374 3094 533 3164 quantum
546 3078 639 3164 spissi
652 3078 715 3140 olei
730 3079 763 3140 in
779 3079 825 3141 eis
837 3079 887 3158 sit,
899 3094 931 3141 et
943 3080 1040 3143 sirni-

235 3189 307 3253 liter
329 3190 370 3254 de
395 3193 540 3278 quinque
559 3189 702 3253 dimidiis
722 3191 819 3254 facias
834 3194 1040 3276 mensurari,

237 3318 269 3362 et
286 3303 366 3365 scias
387 3320 545 3388 quantum
565 3303 660 3390 spissi
678 3302 741 3365 olei
760 3302 858 3364 fuerit
873 3302 941 3383 ibi;
960 3321 995 3367 et
1006 3275 1044 3369 'si

236 3429 361 3477 tanturn
386 3416 480 3501 spissi
501 3415 564 3477 olei
588 3415 751 3478 inveneris
771 3415 805 3477 in
823 3413 968 3478 dimidiis
991 3434 1040 3482 to-
