2286 4238
560 336 603 394 b
627 319 668 384 88
691 333 734 390 44

243 442 398 521 detrusit,
418 442 473 504 cui
490 440 572 503 nihil
592 440 717 527 profuit
735 440 836 501 immo
855 437 952 503 offuit
971 462 1044 503 mu·

243 562 355 625 lierem
381 560 572 624 custodisse.
602 561 686 624 Nam
714 560 774 623 iste
797 559 893 622 etiam
925 560 1046 623 accidit

244 679 394 744 cumulus
409 678 546 742 miseriae
566 677 656 764 quod
675 678 912 741 existimatione
936 678 1044 765 pluri·-

244 824 373 865 morum
384 799 474 888 quod
482 800 665 887 patiebatur
674 800 831 863 meruisse
841 798 1043 882 crederetur,

244 920 332 984 unde
345 921 479 1007 quidem
489 920 585 983 bonis
596 921 843 1009 quampluribus
856 921 988 1008 pulsus,
1000 919 1047 982 di·

245 1041 420 1128 gnitatibus
438 1055 570 1119 esuum,
590 1039 825 1104 existimatione
848 1039 986 1102 foedams
1000 1040 1045 1103 ob

245 1162 748 1248 uxorismaliloquium,incestus
756 1160 1044 1248 tulitsupplicium.

288 1283 475 1370 Discipulus
489 1304 496 1344 :
516 1281 622 1345 Nemo
635 1298 684 1345 est
697 1282 754 1367 qui
770 1282 811 1344 ab
824 1260 956 1369 ingenio
970 1277 1045 1343 mu'·

245 1402 332 1465 lieris
358 1399 520 1464 custodire
543 1423 579 1463 se
602 1401 721 1488 possit,
747 1400 811 1463 nisi
830 1421 929 1484 quem
954 1401 1044 1472 Deus

249 1520 458 1600 custodierit,
479 1536 511 1582 et
533 1519 603 1582 haee
625 1517 695 1582 talis
715 1518 854 1581 narratio
872 1540 914 1580 ne
928 1516 1048 1580 ducam

250 1661 385 1703 uxorem
395 1659 511 1726 magna
522 1654 571 1701 est
582 1636 775 1700 dehortatio.
786 1637 940 1724 Magister
951 1661 958 1700 ε
971 1637 1047 1701 Non

250 1759 351 1823 debes
378 1780 491 1822 omnes
516 1758 669 1822 mulieres
693 1756 826 1821 credere
852 1758 929 1821 tales
955 1780 1048 1838 esse,

251 1878 406 1965 quoniam
433 1899 549 1966 magna
576 1876 704 1940 bonitas
733 1893 831 1962 atque
858 1877 985 1940 castitas
1014 1877 1049 1939 in

251 1997 360 2061 multis
368 1997 553 2084 repperitur
562 1996 771 2076 mulieribus,
786 2013 819 2058 et
829 1997 910 2059 scias
919 1997 952 2058 in
963 1996 1050 2058 bona

252 2118 387 2185 muliere
409 2119 531 2181 bonam
552 2118 738 2180 societatem
760 2117 919 2203 repperiri
944 2138 1049 2204 posse.

252 2239 341 2300 Bona
352 2237 469 2300 mulier
483 2235 586 2301 fidelis
599 2253 708 2300 custos
721 2253 770 2300 est
781 2253 814 2299 et
824 2237 911 2299 bona
922 2235 1049 2300 domus.

252 2357 404 2421 Salomon
420 2357 455 2419 in
472 2354 537 2419 fine
555 2356 632 2419 libri
644 2356 898 2419 Proverbiorum
914 2377 1051 2419 suornm

253 2474 368 2561 viginti
386 2473 470 2538 duos
481 2497 593 2538 versus
620 2473 661 2538 de
679 2474 775 2538 laude
794 2491 890 2560 atque
908 2476 1053 2538 bonitate

254 2590 399 2654 mulieris
429 2592 523 2655 bonae
549 2593 768 2681 composuit&
797 2591 984 2678 Discipulus
1011 2592 1053 2655 ad

255 2711 324 2772 haec
336 2732 344 2772 ε
359 2711 446 2772 Bene
458 2732 511 2772 me
520 2712 728 2792 confortasti,
745 2710 803 2775 sed
815 2710 933 2774 audisti
944 2727 1055 2774 tamen

253 2831 395 2917 aliquam
407 2830 581 2894 mulierem
600 2854 672 2918 quae
688 2833 741 2895 sui
756 2854 869 2895 sensus
885 2831 1055 2918 ingenium

254 2953 412 3016 niteretur
431 2951 465 3013 in
483 2951 610 3015 bonum
629 2951 780 3015 mittere?
793 2951 947 3038 Magister
962 2973 970 3013 ε
983 2951 1055 3013 Au·

255 3072 332 3135 divi.
350 3071 537 3158 Discipulus
563 3094 570 3133 :
598 3070 698 3133 Refer
716 3071 797 3132 mihi
819 3068 861 3132 de
878 3069 930 3131 illa
941 3069 958 3148 ‚'
977 3069 1057 3154 quia

253 3191 383 3254 ridetur
394 3192 475 3254 mihi
490 3214 542 3254 res
554 3213 647 3254 nova.
662 3189 825 3276 Magister.

287 3361 297 3387 ’τ
315 3354 370 3414 Cap.
383 3368 466 3405 xxxi,
483 3369 507 3397 v.
527 3353 606 3398 10-31.
634 3381 653 3399 ..
674 3381 710 3400 η.
728 3349 823 3402 Nm*
838 3351 876 3403 'n
893 3325 1025 3410 Mil-nv&
