<?xml version="1.0" encoding="UTF-8"?>
<!DOCTYPE html PUBLIC "-//W3C//DTD XHTML 1.0 Transitional//EN"
    "http://www.w3.org/TR/xhtml1/DTD/xhtml1-transitional.dtd">
<html xmlns="http://www.w3.org/1999/xhtml" xml:lang="en" lang="en">
 <head>
  <title>
</title>
<meta http-equiv="Content-Type" content="text/html;charset=utf-8" />
  <meta name='ocr-system' content='tesseract 3.04.00' />
  <meta name='ocr-capabilities' content='ocr_page ocr_carea ocr_par ocr_line ocrx_word'/>
</head>
<body>
  <div class='ocr_page' id='page_1' title='image "./disciplinedecle00labogoog_0092.png"; bbox 0 0 2286 4238; ppageno 0'>
   <div class='ocr_carea' id='block_1_1' title="bbox 253 325 1050 528">
    <p class='ocr_par' dir='ltr' id='par_1_1' title="bbox 253 325 1050 528">
     <span class='ocr_line' id='line_1_1' title="bbox 570 325 745 397; baseline 0.017 -3"><span class='ocrx_word' id='word_1_1' title='bbox 570 339 613 394; x_wconf 59' lang='lat'>9</span> <span class='ocrx_word' id='word_1_2' title='bbox 634 325 674 389; x_wconf 85' lang='lat'>62</span> <span class='ocrx_word' id='word_1_3' title='bbox 701 339 745 397; x_wconf 60' lang='grc' dir='ltr'>ε</span> 
     </span>
     <span class='ocr_line' id='line_1_2' title="bbox 253 435 1050 528; baseline 0.008 -31"><span class='ocrx_word' id='word_1_4' title='bbox 253 435 448 518; x_wconf 83' lang='lat' dir='ltr'>instruxisti,</span> <span class='ocrx_word' id='word_1_5' title='bbox 469 457 501 503; x_wconf 91' lang='lat' dir='ltr'>et</span> <span class='ocrx_word' id='word_1_6' title='bbox 514 444 604 528; x_wconf 91' lang='lat' dir='ltr'>quod</span> <span class='ocrx_word' id='word_1_7' title='bbox 620 445 661 509; x_wconf 93' lang='lat' dir='ltr'>de</span> <span class='ocrx_word' id='word_1_8' title='bbox 680 448 808 508; x_wconf 87' lang='lat' dir='ltr'>illarum</span> <span class='ocrx_word' id='word_1_9' title='bbox 823 443 944 505; x_wconf 83' lang='lat' dir='ltr'>artibus</span> <span class='ocrx_word' id='word_1_10' title='bbox 958 458 1050 527; x_wconf 79' lang='lat' dir='ltr'>retu·</span> 
     </span>
    </p>
   </div>
   <div class='ocr_carea' id='block_1_2' title="bbox 253 553 1051 640">
    <p class='ocr_par' dir='ltr' id='par_1_2' title="bbox 253 553 1051 640">
     <span class='ocr_line' id='line_1_3' title="bbox 253 553 1051 640; baseline 0.018 -25"><span class='ocrx_word' id='word_1_11' title='bbox 253 553 317 617; x_wconf 89' lang='lat' dir='ltr'>listi</span> <span class='ocrx_word' id='word_1_12' title='bbox 343 556 538 625; x_wconf 83' lang='lat' dir='ltr'>desideranti</span> <span class='ocrx_word' id='word_1_13' title='bbox 564 566 673 629; x_wconf 91' lang='lat' dir='ltr'>animo</span> <span class='ocrx_word' id='word_1_14' title='bbox 697 562 962 640; x_wconf 89' lang='lat' dir='ltr'>commendatur,</span> <span class='ocrx_word' id='word_1_15' title='bbox 989 582 1051 621; x_wconf 84' lang='lat' dir='ltr'>nec</span> 
     </span>
    </p>
   </div>
   <div class='ocr_carea' id='block_1_3' title="bbox 254 675 1052 893">
    <p class='ocr_par' dir='ltr' id='par_1_3' title="bbox 254 675 1052 893">
     <span class='ocr_line' id='line_1_4' title="bbox 254 675 1049 770; baseline 0.003 -31"><span class='ocrx_word' id='word_1_16' title='bbox 254 675 343 759; x_wconf 87' lang='lat' dir='ltr'>quod</span> <span class='ocrx_word' id='word_1_17' title='bbox 359 677 436 742; x_wconf 91' lang='lat' dir='ltr'>inde</span> <span class='ocrx_word' id='word_1_18' title='bbox 449 683 517 745; x_wconf 92' lang='lat' dir='ltr'>scio</span> <span class='ocrx_word' id='word_1_19' title='bbox 528 706 588 770; x_wconf 94' lang='lat' dir='ltr'>pro</span> <span class='ocrx_word' id='word_1_20' title='bbox 601 685 720 750; x_wconf 81' lang='lat' dir='ltr'>divitiis</span> <span class='ocrx_word' id='word_1_21' title='bbox 737 686 884 748; x_wconf 84' lang='lat' dir='ltr'><strong>Arabum</strong></span> <span class='ocrx_word' id='word_1_22' title='bbox 899 704 1049 745; x_wconf 91' lang='lat' dir='ltr'>commu·</span> 
     </span>
     <span class='ocr_line' id='line_1_5' title="bbox 255 793 1052 893; baseline 0.008 -37"><span class='ocrx_word' id='word_1_23' title='bbox 255 809 321 857; x_wconf 90' lang='lat' dir='ltr'>tare</span> <span class='ocrx_word' id='word_1_24' title='bbox 342 798 432 880; x_wconf 91' lang='lat' dir='ltr'>volo,</span> <span class='ocrx_word' id='word_1_25' title='bbox 452 817 485 863; x_wconf 91' lang='lat' dir='ltr'>et</span> <span class='ocrx_word' id='word_1_26' title='bbox 499 803 527 865; x_wconf 90' lang='lat' dir='ltr'>si</span> <span class='ocrx_word' id='word_1_27' title='bbox 542 804 661 890; x_wconf 89' lang='lat' dir='ltr'>placet,</span> <span class='ocrx_word' id='word_1_28' title='bbox 685 793 899 893; x_wconf 56' lang='lat' dir='ltr'>progredere,</span> <span class='ocrx_word' id='word_1_29' title='bbox 916 818 948 864; x_wconf 89' lang='lat' dir='ltr'>et</span> <span class='ocrx_word' id='word_1_30' title='bbox 960 801 1052 887; x_wconf 89' lang='lat' dir='ltr'>quod</span> 
     </span>
    </p>
   </div>
   <div class='ocr_carea' id='block_1_4' title="bbox 254 916 1050 1119">
    <p class='ocr_par' dir='ltr' id='par_1_4' title="bbox 254 916 1050 1119">
     <span class='ocr_line' id='line_1_6' title="bbox 254 916 1050 1012; baseline 0.009 -36"><span class='ocrx_word' id='word_1_31' title='bbox 254 916 425 982; x_wconf 86' lang='lat' dir='ltr'>transferre</span> <span class='ocrx_word' id='word_1_32' title='bbox 447 920 481 982; x_wconf 88' lang='lat' dir='ltr'>in</span> <span class='ocrx_word' id='word_1_33' title='bbox 501 923 600 986; x_wconf 90' lang='lat' dir='ltr'>altum</span> <span class='ocrx_word' id='word_1_34' title='bbox 624 925 763 1012; x_wconf 81' lang='lat' dir='ltr'>publicae</span> <span class='ocrx_word' id='word_1_35' title='bbox 787 921 1050 987; x_wconf 86' lang='lat' dir='ltr'>amministratio·</span> 
     </span>
     <span class='ocr_line' id='line_1_7' title="bbox 256 1033 1050 1119; baseline 0.008 -23"><span class='ocrx_word' id='word_1_36' title='bbox 256 1033 306 1096; x_wconf 88' lang='lat' dir='ltr'>nis</span> <span class='ocrx_word' id='word_1_37' title='bbox 330 1035 514 1105; x_wconf 83' lang='lat' dir='ltr'>futurorum</span> <span class='ocrx_word' id='word_1_38' title='bbox 536 1043 697 1107; x_wconf 86' lang='lat' dir='ltr'>valeamus</span> <span class='ocrx_word' id='word_1_39' title='bbox 725 1043 876 1108; x_wconf 82' lang='lat' dir='ltr'>edissere.</span> <span class='ocrx_word' id='word_1_40' title='bbox 904 1040 1050 1119; x_wconf 85' lang='lat' dir='ltr'>Faciam,</span> 
     </span>
    </p>
   </div>
   <div class='ocr_carea' id='block_1_5' title="bbox 259 1156 818 1543">
    <p class='ocr_par' dir='ltr' id='par_1_5' title="bbox 259 1156 818 1543">
     <span class='ocr_line' id='line_1_8' title="bbox 259 1156 373 1242; baseline 0.018 -24"><span class='ocrx_word' id='word_1_41' title='bbox 259 1156 373 1242; x_wconf 89' lang='lat' dir='ltr'>inquit.</span> 
     </span>
     <span class='ocr_line' id='line_1_9' title="bbox 488 1473 818 1543; baseline -0.003 -4"><span class='ocrx_word' id='word_1_42' title='bbox 488 1473 684 1540; x_wconf 85' lang='lat' dir='ltr'><strong>FABULA</strong></span> <span class='ocrx_word' id='word_1_43' title='bbox 709 1475 818 1543; x_wconf 90' lang='lat' dir='ltr'><strong>VIII.</strong></span> 
     </span>
    </p>
   </div>
   <div class='ocr_carea' id='block_1_6' title="bbox 243 1756 1060 3399">
    <p class='ocr_par' dir='ltr' id='par_1_6' title="bbox 243 1756 1060 3399">
     <span class='ocr_line' id='line_1_10' title="bbox 301 1756 1050 1847; baseline 0.004 -30"><span class='ocrx_word' id='word_1_44' title='bbox 301 1756 432 1819; x_wconf 89' lang='lat' dir='ltr'>Dictum</span> <span class='ocrx_word' id='word_1_45' title='bbox 449 1774 496 1821; x_wconf 90' lang='lat' dir='ltr'>est</span> <span class='ocrx_word' id='word_1_46' title='bbox 509 1757 550 1822; x_wconf 90' lang='lat' dir='ltr'>de</span> <span class='ocrx_word' id='word_1_47' title='bbox 565 1760 706 1846; x_wconf 90' lang='lat' dir='ltr'>quodam</span> <span class='ocrx_word' id='word_1_48' title='bbox 723 1760 781 1847; x_wconf 90' lang='lat' dir='ltr'>qui</span> <span class='ocrx_word' id='word_1_49' title='bbox 799 1781 934 1847; x_wconf 81' lang='lat' dir='ltr'>peregre</span> <span class='ocrx_word' id='word_1_50' title='bbox 949 1758 1050 1845; x_wconf 91' lang='lat' dir='ltr'>profi·</span> 
     </span>
     <span class='ocr_line' id='line_1_11' title="bbox 243 1873 1050 1943; baseline 0.004 -7"><span class='ocrx_word' id='word_1_51' title='bbox 243 1873 380 1938; x_wconf 86' lang='lat' dir='ltr'>ciscens</span> <span class='ocrx_word' id='word_1_52' title='bbox 401 1879 563 1942; x_wconf 87' lang='lat' dir='ltr'>commisit</span> <span class='ocrx_word' id='word_1_53' title='bbox 586 1902 721 1943; x_wconf 85' lang='lat' dir='ltr'>uxorem</span> <span class='ocrx_word' id='word_1_54' title='bbox 741 1902 832 1942; x_wconf 90' lang='lat' dir='ltr'>suam</span> <span class='ocrx_word' id='word_1_55' title='bbox 848 1901 914 1941; x_wconf 89' lang='lat' dir='ltr'>suae</span> <span class='ocrx_word' id='word_1_56' title='bbox 932 1878 1050 1940; x_wconf 88' lang='lat' dir='ltr'>socrui.</span> 
     </span>
     <span class='ocr_line' id='line_1_12' title="bbox 258 1986 1051 2086; baseline 0.003 -30"><span class='ocrx_word' id='word_1_57' title='bbox 258 1995 348 2059; x_wconf 85' lang='lat' dir='ltr'>Uxor</span> <span class='ocrx_word' id='word_1_58' title='bbox 363 2014 471 2061; x_wconf 88' lang='lat' dir='ltr'>autem</span> <span class='ocrx_word' id='word_1_59' title='bbox 485 2022 544 2063; x_wconf 91' lang='lat' dir='ltr'>sua</span> <span class='ocrx_word' id='word_1_60' title='bbox 561 1986 660 2063; x_wconf 87' lang='lat' dir='ltr'>alium</span> <span class='ocrx_word' id='word_1_61' title='bbox 679 1997 853 2086; x_wconf 82' lang='lat' dir='ltr'>quemdam</span> <span class='ocrx_word' id='word_1_62' title='bbox 876 1997 1051 2073; x_wconf 85' lang='lat' dir='ltr'>adamavit,</span> 
     </span>
     <span class='ocr_line' id='line_1_13' title="bbox 259 2118 1060 2205; baseline 0 -27"><span class='ocrx_word' id='word_1_63' title='bbox 259 2132 290 2178; x_wconf 90' lang='lat' dir='ltr'>et</span> <span class='ocrx_word' id='word_1_64' title='bbox 312 2119 405 2181; x_wconf 86' lang='lat' dir='ltr'>matri</span> <span class='ocrx_word' id='word_1_65' title='bbox 426 2120 489 2182; x_wconf 92' lang='lat' dir='ltr'>hoc</span> <span class='ocrx_word' id='word_1_66' title='bbox 514 2118 685 2200; x_wconf 82' lang='lat' dir='ltr'>indicavit,</span> <span class='ocrx_word' id='word_1_67' title='bbox 712 2141 784 2205; x_wconf 89' lang='lat' dir='ltr'>quae</span> <span class='ocrx_word' id='word_1_68' title='bbox 808 2134 970 2181; x_wconf 84' lang='lat' dir='ltr'>commota</span> <span class='ocrx_word' id='word_1_69' title='bbox 993 2138 1060 2202; x_wconf 88' lang='lat' dir='ltr'>pro·</span> 
     </span>
     <span class='ocr_line' id='line_1_14' title="bbox 259 2237 1055 2323; baseline -0.003 -23"><span class='ocrx_word' id='word_1_70' title='bbox 259 2237 323 2301; x_wconf 91' lang='lat' dir='ltr'>filia</span> <span class='ocrx_word' id='word_1_71' title='bbox 334 2239 413 2304; x_wconf 85' lang='lat' dir='ltr'>favit</span> <span class='ocrx_word' id='word_1_72' title='bbox 425 2242 542 2321; x_wconf 90' lang='lat' dir='ltr'>amori,</span> <span class='ocrx_word' id='word_1_73' title='bbox 558 2258 591 2305; x_wconf 92' lang='lat' dir='ltr'>et</span> <span class='ocrx_word' id='word_1_74' title='bbox 601 2263 782 2305; x_wconf 82' lang='lat' dir='ltr'>convocans</span> <span class='ocrx_word' id='word_1_75' title='bbox 795 2238 947 2303; x_wconf 87' lang='lat' dir='ltr'>eumdem</span> <span class='ocrx_word' id='word_1_76' title='bbox 958 2237 1055 2323; x_wconf 88' lang='lat' dir='ltr'>coepit</span> 
     </span>
     <span class='ocr_line' id='line_1_15' title="bbox 259 2359 1053 2449; baseline -0.001 -29"><span class='ocrx_word' id='word_1_77' title='bbox 259 2380 334 2421; x_wconf 90' lang='lat' dir='ltr'>cum</span> <span class='ocrx_word' id='word_1_78' title='bbox 351 2359 405 2421; x_wconf 93' lang='lat' dir='ltr'>illo</span> <span class='ocrx_word' id='word_1_79' title='bbox 419 2376 452 2423; x_wconf 88' lang='lat' dir='ltr'>et</span> <span class='ocrx_word' id='word_1_80' title='bbox 464 2360 527 2424; x_wconf 92' lang='lat' dir='ltr'>filia</span> <span class='ocrx_word' id='word_1_81' title='bbox 542 2362 674 2449; x_wconf 89' lang='lat' dir='ltr'>epulari.</span> <span class='ocrx_word' id='word_1_82' title='bbox 693 2360 908 2448; x_wconf 88' lang='lat' dir='ltr'>Epulantibus</span> <span class='ocrx_word' id='word_1_83' title='bbox 921 2359 982 2422; x_wconf 87' lang='lat' dir='ltr'>illis</span> <span class='ocrx_word' id='word_1_84' title='bbox 996 2381 1053 2420; x_wconf 92' lang='lat' dir='ltr'>su·</span> 
     </span>
     <span class='ocr_line' id='line_1_16' title="bbox 258 2479 1053 2566; baseline 0.003 -29"><span class='ocrx_word' id='word_1_85' title='bbox 258 2479 404 2561; x_wconf 88' lang='lat' dir='ltr'>pervenit</span> <span class='ocrx_word' id='word_1_86' title='bbox 419 2480 553 2543; x_wconf 87' lang='lat' dir='ltr'>maritus</span> <span class='ocrx_word' id='word_1_87' title='bbox 570 2496 603 2542; x_wconf 89' lang='lat' dir='ltr'>et</span> <span class='ocrx_word' id='word_1_88' title='bbox 615 2481 734 2543; x_wconf 89' lang='lat' dir='ltr'>ostium</span> <span class='ocrx_word' id='word_1_89' title='bbox 746 2479 893 2566; x_wconf 84' lang='lat' dir='ltr'>pulsavit.</span> <span class='ocrx_word' id='word_1_90' title='bbox 914 2481 955 2541; x_wconf 87' lang='lat' dir='ltr'>Et</span> <span class='ocrx_word' id='word_1_91' title='bbox 972 2500 1053 2540; x_wconf 90' lang='lat' dir='ltr'>con·</span> 
     </span>
     <span class='ocr_line' id='line_1_17' title="bbox 257 2594 1054 2683; baseline 0.003 -27"><span class='ocrx_word' id='word_1_92' title='bbox 257 2616 394 2681; x_wconf 84' lang='lat' dir='ltr'>surgens</span> <span class='ocrx_word' id='word_1_93' title='bbox 413 2595 530 2660; x_wconf 87' lang='lat' dir='ltr'>mulier</span> <span class='ocrx_word' id='word_1_94' title='bbox 549 2619 687 2683; x_wconf 89' lang='lat' dir='ltr'>procum</span> <span class='ocrx_word' id='word_1_95' title='bbox 701 2594 873 2660; x_wconf 88' lang='lat' dir='ltr'>abscondit</span> <span class='ocrx_word' id='word_1_96' title='bbox 887 2611 919 2656; x_wconf 87' lang='lat' dir='ltr'>ct</span> <span class='ocrx_word' id='word_1_97' title='bbox 934 2597 1054 2658; x_wconf 88' lang='lat' dir='ltr'>ostium</span> 
     </span>
     <span class='ocr_line' id='line_1_18' title="bbox 258 2711 1055 2800; baseline 0 -26"><span class='ocrx_word' id='word_1_98' title='bbox 258 2727 369 2799; x_wconf 88' lang='lat' dir='ltr'>postea</span> <span class='ocrx_word' id='word_1_99' title='bbox 381 2711 514 2776; x_wconf 90' lang='lat' dir='ltr'>domino</span> <span class='ocrx_word' id='word_1_100' title='bbox 528 2714 670 2800; x_wconf 89' lang='lat' dir='ltr'>aperuit,</span> <span class='ocrx_word' id='word_1_101' title='bbox 685 2715 761 2798; x_wconf 91' lang='lat' dir='ltr'>qui,</span> <span class='ocrx_word' id='word_1_102' title='bbox 776 2728 946 2800; x_wconf 81' lang='lat' dir='ltr'>postquam</span> <span class='ocrx_word' id='word_1_103' title='bbox 960 2714 1055 2774; x_wconf 87' lang='lat' dir='ltr'>intra·</span> 
     </span>
     <span class='ocr_line' id='line_1_19' title="bbox 258 2832 1053 2920; baseline -0.005 -22"><span class='ocrx_word' id='word_1_104' title='bbox 258 2835 331 2915; x_wconf 83' lang='lat' dir='ltr'>vit,</span> <span class='ocrx_word' id='word_1_105' title='bbox 342 2848 381 2896; x_wconf 89' lang='lat' dir='ltr'>ut</span> <span class='ocrx_word' id='word_1_106' title='bbox 403 2832 505 2896; x_wconf 90' lang='lat' dir='ltr'>lectus</span> <span class='ocrx_word' id='word_1_107' title='bbox 524 2833 587 2896; x_wconf 92' lang='lat' dir='ltr'>sibi</span> <span class='ocrx_word' id='word_1_108' title='bbox 604 2849 772 2920; x_wconf 89' lang='lat' dir='ltr'>pararetur</span> <span class='ocrx_word' id='word_1_109' title='bbox 787 2833 958 2920; x_wconf 87' lang='lat' dir='ltr'>praecepit,</span> <span class='ocrx_word' id='word_1_110' title='bbox 979 2855 1053 2894; x_wconf 82' lang='lat' dir='ltr'>nam</span> 
     </span>
     <span class='ocr_line' id='line_1_20' title="bbox 259 2954 1055 3041; baseline -0.003 -23"><span class='ocrx_word' id='word_1_111' title='bbox 259 2955 426 3041; x_wconf 85' lang='lat' dir='ltr'>quiescere</span> <span class='ocrx_word' id='word_1_112' title='bbox 439 2955 569 3019; x_wconf 85' lang='lat' dir='ltr'>volebat</span> <span class='ocrx_word' id='word_1_113' title='bbox 576 2971 609 3018; x_wconf 92' lang='lat' dir='ltr'>et</span> <span class='ocrx_word' id='word_1_114' title='bbox 620 2954 721 3018; x_wconf 89' lang='lat' dir='ltr'>lassus</span> <span class='ocrx_word' id='word_1_115' title='bbox 734 2969 810 3017; x_wconf 85' lang='lat' dir='ltr'>erat.</span> <span class='ocrx_word' id='word_1_116' title='bbox 829 2954 973 3016; x_wconf 88' lang='lat' dir='ltr'>Turbata</span> <span class='ocrx_word' id='word_1_117' title='bbox 987 2976 1055 3016; x_wconf 91' lang='lat' dir='ltr'>mu·</span> 
     </span>
     <span class='ocr_line' id='line_1_21' title="bbox 259 3071 1053 3161; baseline -0.004 -24"><span class='ocrx_word' id='word_1_118' title='bbox 259 3075 319 3138; x_wconf 89' lang='lat' dir='ltr'>lier</span> <span class='ocrx_word' id='word_1_119' title='bbox 336 3074 495 3139; x_wconf 87' lang='lat' dir='ltr'>dubitavit</span> <span class='ocrx_word' id='word_1_120' title='bbox 502 3074 583 3161; x_wconf 89' lang='lat' dir='ltr'>quid</span> <span class='ocrx_word' id='word_1_121' title='bbox 597 3075 726 3138; x_wconf 83' lang='lat' dir='ltr'>faceret.</span> <span class='ocrx_word' id='word_1_122' title='bbox 742 3071 841 3156; x_wconf 88' lang='lat' dir='ltr'>Quod</span> <span class='ocrx_word' id='word_1_123' title='bbox 856 3073 970 3136; x_wconf 88' lang='lat' dir='ltr'>videns</span> <span class='ocrx_word' id='word_1_124' title='bbox 984 3096 1053 3135; x_wconf 90' lang='lat' dir='ltr'>ma·</span> 
     </span>
     <span class='ocr_line' id='line_1_22' title="bbox 260 3193 1053 3282; baseline 0 -26"><span class='ocrx_word' id='word_1_125' title='bbox 260 3209 328 3256; x_wconf 87' lang='lat' dir='ltr'>ter:</span> <span class='ocrx_word' id='word_1_126' title='bbox 342 3195 391 3258; x_wconf 87' lang='lat' dir='ltr'>Ne</span> <span class='ocrx_word' id='word_1_127' title='bbox 408 3194 552 3279; x_wconf 83' lang='lat' dir='ltr'>festines,</span> <span class='ocrx_word' id='word_1_128' title='bbox 571 3196 694 3282; x_wconf 89' lang='lat' dir='ltr'>inquit,</span> <span class='ocrx_word' id='word_1_129' title='bbox 716 3193 796 3275; x_wconf 84' lang='lat' dir='ltr'>filia,</span> <span class='ocrx_word' id='word_1_130' title='bbox 810 3193 930 3258; x_wconf 89' lang='lat' dir='ltr'>lectum</span> <span class='ocrx_word' id='word_1_131' title='bbox 941 3216 1053 3280; x_wconf 86' lang='lat' dir='ltr'>parare</span> 
     </span>
     <span class='ocr_line' id='line_1_23' title="bbox 263 3311 1054 3399; baseline 0 -24"><span class='ocrx_word' id='word_1_132' title='bbox 263 3311 366 3376; x_wconf 92' lang='lat' dir='ltr'>donec</span> <span class='ocrx_word' id='word_1_133' title='bbox 378 3332 593 3380; x_wconf 89' lang='lat' dir='ltr'>monstremus</span> <span class='ocrx_word' id='word_1_134' title='bbox 604 3317 764 3380; x_wconf 87' lang='lat' dir='ltr'>lintheum</span> <span class='ocrx_word' id='word_1_135' title='bbox 775 3316 889 3380; x_wconf 86' lang='lat' dir='ltr'>marito</span> <span class='ocrx_word' id='word_1_136' title='bbox 899 3330 955 3378; x_wconf 93' lang='lat' dir='ltr'>tuo</span> <span class='ocrx_word' id='word_1_137' title='bbox 965 3311 1054 3399; x_wconf 92' lang='lat' dir='ltr'>quod</span> 
     </span>
    </p>
   </div>
   <div class='ocr_carea' id='block_1_7' title="bbox 0 0 1156 4238">
    <p class='ocr_par' dir='ltr' id='par_1_7' title="bbox 0 0 1156 4238">
     <span class='ocr_line' id='line_1_24' title="bbox 0 0 1156 4238; baseline 0 0"><span class='ocrx_word' id='word_1_138' title='bbox 0 0 1156 4238; x_wconf 95' lang='lat' dir='ltr'> </span> 
     </span>
    </p>
   </div>
  </div>
 </body>
</html>
