2286 4238
465 382 509 439 β
535 367 594 431 186
616 381 659 438 Q

166 487 254 552 Audi
275 485 366 574 quod
382 486 458 550 fecit
477 485 562 550 filius
582 486 756 550 consiliarii
775 488 873 576 Regis
891 505 963 576 post

166 609 295 673 obitum
312 607 420 695 patris.
440 606 563 671 Filius:
580 607 687 690 Pater,
708 606 790 688 fare,
810 631 872 673 nec
886 610 963 673 sub·

168 727 337 816 tersugiam
354 727 484 791 monitis
500 725 645 791 obedire.
668 727 771 792 Pater.

372 1721 576 1788 FABULA
601 1720 768 1790 XXVII.

214 1920 283 1984 Rex
294 1919 427 2007 quidam
439 1919 739 2009 habuitsapientem
750 1919 965 1984 consiliarium

171 2058 204 2106 et
217 2041 405 2105 familiarem
425 2041 482 2128 qui
497 2039 628 2104 tandem
640 2057 762 2104 naturae
777 2040 904 2130 legibus
918 2040 965 2104 fa·

170 2184 248 2227 rens
272 2184 409 2250 parvum
432 2161 563 2247 reliquit
577 2160 740 2225 haeredem
765 2161 850 2224 bene
869 2161 969 2224 disci-¹

170 2283 328 2371 plinatum
338 2297 370 2345 et
379 2280 550 2361 curialem,
566 2281 621 2344 cui
632 2297 748 2362 totam,
769 2303 841 2366 quae
854 2288 976 2370 magna'

173 2418 256 2483 erat,
290 2400 526 2489 possessionem
558 2415 590 2463 et
620 2398 804 2464 divitiarum
837 2422 967 2464 acervos

173 2521 365 2608 subscripsit
377 2536 409 2584 et
420 2521 518 2584 morti
532 2520 637 2583 cessit.
654 2520 729 2602 Quo
745 2520 831 2583 facto
846 2522 916 2585 Rex
928 2519 969 2583 ad

172 2660 207 2703 se
226 2661 366 2727 puerum
384 2640 525 2720 vocavit,
552 2654 585 2702 et
606 2637 647 2702 de
666 2639 909 2727 patrieoecasu
929 2661 970 2702 ne

144 2780 150 2791 ·
172 2756 246 2845 plus
260 2756 347 2836 justo
360 2754 485 2818 doleret
495 2757 692 2838 ammonuit,
714 2774 746 2821 et
756 2782 970 2847 quaecumque

173 2874 319 2965 paterilli
333 2873 475 2963 regenda
486 2873 622 2939 dederat
633 2878 817 2941 testimonio
833 2879 972 2945 firmavit

174 3015 206 3063 et
218 2999 351 3085 insuper
369 2993 459 3082 quod
473 3011 563 3059 aetate
578 2997 646 3077 ejus
661 2996 807 3086 exigente
821 2999 855 3061 in
871 3001 969 3089 patris

171 3122 283 3185 locum
310 3141 386 3182 eum
414 3119 592 3206 susciperet
617 3119 664 3181 illi
693 3121 850 3208 promisit.
888 3121 969 3184 Inde

173 3240 243 3303 vale
258 3239 344 3303 dicto
358 3238 447 3302 laetus
459 3238 587 3318 juvenis
600 3239 785 3328 adpropriet
799 3243 968 3322 remeavit,

176 3379 273 3440 quem
293 3361 362 3421 Rex
379 3358 537 3422 oblivioni
549 3358 693 3440 tradidit,
708 3382 769 3423 nec
781 3361 850 3448 ipse
861 3360 904 3424 ad
915 3382 968 3424 re·
