2286 4238
575 321 770 396 »148«

500 638 691 705 FABULA
716 638 845 705 XXII.

319 941 451 1004 Dictum
476 955 525 1002 est
551 939 633 1001 mihi
657 935 902 1024 quodquidam
927 938 1010 1002 latro
1033 939 1078 1004 ad

276 1063 413 1127 domum
427 1059 597 1140 cujusdam
614 1058 722 1122 divitis
738 1060 881 1146 perrexit
895 1061 1079 1124 intentione

277 1180 418 1244 furandi.
432 1177 620 1243 ascendens
639 1193 760 1240 tectum
774 1176 816 1239 ad
829 1178 1004 1242 fenestram
1017 1199 1081 1266 per

279 1321 376 1384 quam
391 1298 501 1360 sumus
516 1296 625 1359 exibat
642 1311 675 1358 et
689 1296 716 1357 si
735 1295 850 1381 aliquis
863 1297 950 1360 intus
966 1284 1087 1385 vigila-'

276 1432 327 1480 ret
351 1417 551 1479 auscultavit.
585 1414 684 1496 Quod
711 1430 749 1476 ut
772 1415 932 1477 Dominus
957 1413 1079 1479 domus

279 1535 454 1621 comperit,
469 1535 610 1596 suaviter
624 1555 691 1596 sure
707 1534 802 1595 uxori
822 1533 885 1596 ait:
906 1535 1079 1625 Interroga

278 1654 342 1717 alta
359 1675 439 1717 voce
458 1653 546 1715 unde
565 1655 655 1716 venit
671 1655 753 1718 mihi
773 1655 832 1718 iste
855 1671 920 1718 tam
939 1678 1081 1744 magnus

279 1798 395 1839 census
408 1796 506 1861 quem
520 1774 646 1856 habe0;
663 1775 752 1861 quod
761 1791 799 1838 ut
811 1798 881 1838 rem
897 1776 979 1840 scias
990 1777 1080 1839 mul-

280 1914 350 1960 tum
362 1896 501 1959 elabora.
510 1896 606 1957 Tunc
616 1895 684 1982 ipsa
693 1894 755 1957 alta
763 1917 844 1958 voce
851 1896 896 1958 ait
906 1897 1080 1978 :'D0mine‚

280 2018 370 2081 unde
396 2033 462 2080 tarn
489 2037 644 2102 magnum
673 2036 807 2076 censum
833 2013 977 2077 habuisti
1001 2037 1081 2077 cum

280 2160 461 2224 numquam
486 2151 647 2198 mercator
662 2133 786 2197 fueris?
804 2134 848 2195 At
866 2134 919 2196 ille
942 2157 951 2197 ι
978 2133 1082 2216 Quod

280 2257 369 2319 Deus
393 2256 527 2318 donavit
547 2277 639 2318 serva
661 2269 694 2316 et
712 2254 763 2317 fac
782 2254 859 2317 inde
878 2254 1081 2317 voluntatem

281 2394 371 2440 tuam
388 2393 421 2440 et
437 2400 504 2440 non
519 2377 663 2462 inquiras
679 2373 768 2438 unde
784 2375 865 2438 mihi
881 2390 968 2438 tanta
982 2397 1084 2462 pecu·

283 2498 338 2559 nia
360 2498 494 2559 venerit.
512 2498 555 2559 At
569 2497 638 2584 ipsa
658 2495 743 2558 sicut
760 2497 944 2575 injunctum
956 2495 1081 2576 fluerat,

284 2615 386 2701 magis
405 2629 438 2676 et
457 2615 557 2700 magis
578 2629 616 2676 ut
629 2635 698 2676 rem
711 2615 810 2678 sciret
818 2612 1001 2701 instigabat.
1015 2615 1083 2677 De·

195 2720 198 2727 ¹
285 2755 377 2796 mum
394 2732 485 2818 quasi
499 2748 629 2795 coactus
649 2734 806 2821 precibus
818 2733 928 2796 uxoris
945 2757 1014 2797 suae
1028 2735 1082 2797 in·

284 2851 356 2938 quit
383 2849 536 2914 dominus
563 2873 571 2914 :
594 2851 677 2916 Vide
707 2874 748 2916 ne
774 2853 927 2938 cuiquam
957 2868 1085 2917 secreta

284 2991 395 3038 nostra
410 2971 558 3060 detegas3
571 2973 652 3057 latro
670 2973 728 3036 fui.
740 2974 784 3035 At
796 2973 864 3059 ipsa
875 2973 939 3035 ait:
957 2972 1084 3037 Mirum

286 3095 367 3157 mihi
380 3094 510 3156 videtur
524 3094 690 3180 quommio
700 3110 765 3156 tam
778 3116 932 3181 magnum
946 3116 1085 3158 censum

284 3213 454 3277 latrocinio
468 3215 635 3301 acquirere
644 3215 793 3303 potuisti,
804 3212 894 3301 quod
903 3236 1085 3302 numquam

287 3333 469 3397 audivimus
479 3320 654 3398 clamorem
662 3336 729 3400 sive
737 3334 877 3421 aliquam
886 3335 1085 3402 calumniam
