2286 4238
567 367 610 425 9
636 350 694 415 152
717 336 779 423 ἤΑ

262 473 409 538 nesciens
428 472 552 559 inquit:
567 475 620 536 Tu
633 474 706 560 quis
719 497 753 537 es
766 474 822 560 qui
834 474 878 538 ita
888 477 1066 543 cecidisti?

262 595 315 659 Ad
333 596 403 657 haec
418 594 499 656 latro
514 617 521 656 τ
539 596 608 682 Ego
628 617 700 657 sum
723 595 775 658 ille
793 597 847 659 fus
869 597 984 662 infelix
1006 600 1067 687 qui

261 716 325 781 tuis
336 714 463 780 credidi
476 714 644 778 fallacibus
660 715 779 780 verbis.

303 1077 357 1144 Ad
366 1078 430 1141 hoc
442 1075 527 1140 filius
542 1099 549 1140 :
563 1077 673 1159 Pater,
687 1093 724 1142 tu
735 1078 960 1159 benedicaris,
979 1101 1065 1166 quo-

260 1199 348 1262 niam
379 1196 491 1261 dolosa
523 1197 684 1261 edocuisti
713 1220 765 1262 me
787 1200 887 1263 vitare
911 1198 1063 1264 consilia.

260 1319 478 1407 Philosophus
490 1342 497 1383 :
507 1321 591 1382 Cave
604 1318 775 1382 consilium
790 1319 933 1381 azimum
949 1317 1061 1407 donec

257 1439 299 1502 sit
313 1438 551 1502 fermentatum.
565 1439 677 1501 Alius:
692 1439 723 1503 N
725 1460 742 1502 e
753 1439 866 1502 credas
881 1440 1061 1504 consilium

260 1559 422 1621 monentis
434 1557 524 1643 quod
533 1556 674 1646 deneges
689 1559 819 1622 alterius
830 1558 1061 1641 benefactum3

260 1677 318 1763 qui
330 1676 469 1765 denegat
482 1699 591 1740 coram
608 1679 710 1742 oculis
721 1679 883 1742 cernentis
898 1680 1010 1742 omnia
1022 1702 1059 1743 se

260 1814 399 1861 accusat.
421 1797 539 1861 Alius:
557 1799 589 1862 Si
606 1799 706 1862 fueris
729 1800 764 1861 in
784 1798 893 1885 aliquo
907 1800 997 1864 bono
1014 1823 1061 1865 ne

258 1940 373 2006 pecces
391 1916 487 1999 inde,
506 1920 660 2004 quoniam
681 1919 856 2005 saepissime
878 1920 1060 1986 maximum

259 2040 492 2102 comminuitur
510 2039 635 2103 bonum
653 2039 706 2103 vel
728 2040 894 2104 amittitur.
910 2041 1062 2129 Discipu-

258 2160 308 2223 lus
330 2160 372 2223 ad
397 2161 615 2248 magistrum:
640 2160 815 2224 Prohibuit
837 2161 1059 2250 Philosophus

259 2280 466 2343 benefactum
486 2303 614 2369 negare.
639 2280 691 2343 Ad
713 2281 776 2344 hoc
792 2282 968 2370 magister:
992 2284 1062 2365 Qui

259 2401 397 2488 denegat
417 2401 642 2481 benefactum,
658 2399 797 2489 denegat
812 2403 940 2483 Deum,
958 2420 992 2466 et
1004 2403 1060 2468 ille

259 2520 316 2604 qui
335 2540 402 2581 non
416 2518 529 2583 obedit
544 2521 626 2608 Regi
641 2521 776 2601 victori,
795 2537 845 2584 est
859 2521 1059 2587 inobediens

256 2621 338 2699 Deo.
369 2637 554 2723 Discipulus
579 2662 587 2701 :
617 2639 762 2704 Ostende
785 2641 867 2702 mihi
895 2643 1060 2706 rationem

258 2755 425 2845 quomodo
445 2757 509 2820 hoc
522 2780 591 2821 esse
607 2764 718 2846 possit.
731 2761 904 2849 Magister:
920 2763 1060 2827 Nullum

257 2879 466 2944 benefactum
480 2878 630 2966 procedit
642 2880 683 2944 de
700 2899 847 2945 creatura
865 2882 907 2946 ad
927 2900 1059 2948 creatu·

256 2999 325 3064 'ram
338 3001 401 3063 nisi
410 3023 450 3064 ex
456 3002 527 3064 Deo
538 3001 709 3088 procedat,
725 3020 758 3066 et
769 3002 816 3065 illi
825 3004 882 3089 qui
894 3003 1062 3093 denegant

256 3119 500 3199 benefactores,
519 3136 551 3183 et
572 3120 616 3183 ita
632 3119 795 3210 denegant
806 3124 923 3189 Deum.
943 3124 1060 3191 Alius:

258 3235 393 3302 'Custodi
410 3257 441 3303 te
462 3264 480 3303 a
494 3243 584 3329 Rege
604 3242 660 3305 illo
675 3243 732 3329 qui
753 3244 841 3307 ferus
866 3261 915 3308 est
931 3262 969 3309 ut
984 3246 1059 3329 leo,

259 3357 316 3420 'cui
329 3374 378 3424 est
391 3359 470 3424 levis
481 3361 608 3428 animus
626 3379 664 3429 ut
673 3386 765 3450 puer.
778 3365 891 3431 Alius:
908 3367 977 3450 Qui
991 3390 1062 3431 ma·
