2286 4238
467 368 510 425 β·
536 352 595 417 136
617 368 660 424 Q

172 477 296 541 ambitu
307 476 514 539 continentur
523 475 660 557 divitiis,
675 474 743 539 sitis
755 490 864 537 tamen
875 475 976 540 arde-

172 598 221 661 bit
230 595 382 659 habendi.
398 595 488 659 Alius
502 618 511 658 ε
529 595 596 676 Qui
606 616 702 682 parce
718 616 776 657 sua
784 592 973 681 dispendit,

172 715 230 779 diu
244 714 362 778 durant
378 715 409 777 ei
428 736 584 802 possessa.
608 714 699 776 Alius
715 735 723 775 z
745 713 811 793 Qui
826 712 899 777 vult
914 735 970 777 re·

169 836 317 920 linquere
331 835 506 915 saeculurn,
519 833 680 897 videatne
694 831 817 919 aliquid
829 834 973 898 retineat

172 952 260 1039 quod
273 954 315 1016 sit
323 953 406 1015 illius
416 953 574 1039 partium,
587 952 742 1038 quoniam
752 949 969 1016 tandumdem

170 1072 278 1136 valent
292 1095 329 1135 ac
345 1073 373 1134 si
386 1070 484 1159 paleis
502 1072 610 1160 ignem
624 1071 836 1159 extingueret.
854 1071 966 1139 Alius:

171 1193 237 1273 Qui
263 1191 435 1279 pecuniam
457 1206 632 1278 congregat
657 1189 797 1252 multum
821 1189 967 1272 laborat,

170 1310 287 1397 vigiliis
305 1310 441 1373 tabescit
451 1332 492 1372 ne
508 1308 638 1396 perdat,
655 1308 697 1371 ad
710 1309 862 1372 ultimum
877 1309 969 1403 dolet

170 1427 300 1514 quando
323 1427 431 1515 perdit
451 1426 540 1513 quod
564 1427 756 1515 optinuerat
779 1428 967 1517 Discipulus

170 1550 340 1636 magistro:
355 1546 479 1609 Laudas
490 1548 678 1635 congregari
687 1546 884 1634 pecuniam?
897 1549 968 1613 Ma·

171 1665 269 1752 gister
283 1686 291 1726 :
306 1665 372 1743 Ita3
385 1665 516 1748 acquire
525 1665 609 1742 juste
624 1665 698 1728 etin
707 1665 796 1729 bono
806 1668 966 1754 expende,

169 1805 232 1847 nec
242 1784 275 1845 in
286 1783 437 1846 thesauro
446 1783 597 1851 reconde.
609 1785 700 1849 Alius
715 1787 783 1849 :Ne
798 1787 967 1853 desideres

168 1923 220 1965 res
244 1902 374 1965 alterius
402 1919 434 1965 et
456 1925 497 1965 ne
516 1902 624 1966 doleas
646 1903 687 1966 de
706 1906 832 1969 amissis
848 1908 966 1988 rebus,

170 2022 324 2107 quoniam
335 2021 446 2086 dolore
456 2021 539 2085 nihil
549 2022 610 2086 erit
621 2024 863 2112 recuperabile,
875 2025 967 2091 unde

170 2139 305 2206 dicitur:

412 2682 606 2749 FABULA
631 2685 714 2751 XX.
781 2782 787 2791 Ι

212 2978 354 3062 Quidam
374 2979 489 3047 habuit
501 2983 679 3071 virgultum
698 2984 733 3047 in
760 3007 825 3071 quo
849 2987 967 3055 rivulis

167 3098 342 3163 fluentibus
352 3100 454 3165 herba
463 3101 576 3166 viridis
590 3120 671 3184 crat,
687 3121 785 3193 etpro
795 3104 968 3174 habilitate

168 3216 233 3280 loci
255 3221 493 3285 conveniebant
511 3223 558 3285 ibi
573 3223 722 3287 volucres
740 3224 966 3293 modulamine

166 3354 285 3398 vocum
306 3355 417 3404 cantus
435 3340 580 3407 diversos
598 3359 793 3410 exercentes.
811 3345 967 3428 Quadam
