2286 4238
563 345 606 401 β
631 334 691 406 124
713 345 755 400 ἢ

310 449 420 512 Ofili!
437 450 483 512 sic
498 451 606 513 evenit
622 452 667 513 eis
688 453 744 537 qui
762 453 889 515 socium
906 452 1059 541 decipere

268 569 454 649 voiuerunt,
468 570 544 655 quia
558 592 616 632 suo
628 571 759 657 ingenio
771 570 900 658 decepti
913 572 1057 636 fuerunt.

272 691 365 753 Tunc
376 689 461 754 filius
477 712 484 753 ε
498 691 546 754 Ita
558 691 667 753 evenit
681 691 727 754 eis
738 692 824 754 sicut
838 692 870 753 in
886 694 1060 778 proverbio

271 808 395 873 dictum
405 827 467 890 est3
480 811 536 896 qui
548 827 651 874 totum
662 811 782 891 voluit,
793 827 897 874 totum
907 811 1060 899 perdidit

272 930 349 992 Haec
366 947 414 993 est
424 945 531 993 autem
546 947 658 994 natura
677 931 765 994 canis
782 932 836 993 cui
851 931 1002 994 faverunt
1015 932 1061 994 ilii

270 1066 412 1130 quorum
426 1068 511 1109 unus
525 1047 579 1109 alii
596 1048 708 1110 cibum
728 1047 855 1110 auferre
878 1049 985 1135 eupit,
1005 1048 1063 1112 sed

271 1165 298 1227 si
327 1181 474 1228 naturam
502 1166 615 1229 cameli
642 1184 872 1252 sequerentur,
899 1168 1061 1231 mitiorem

272 1302 418 1348 naturam
443 1286 644 1349 imitarentur
661 1308 669 1348 ε
686 1309 761 1348 nam
784 1286 854 1349 talis
878 1303 926 1349 est
949 1304 1064 1350 natura

273 1403 545 1490 cameli‚quando
555 1405 686 1468 insimul
695 1403 790 1468 datur
800 1404 974 1492 praebenda
982 1405 1065 1468 mul·

273 1523 333 1602 tis,
360 1523 467 1601 nullus
497 1546 611 1586 eorum
640 1523 790 1586 comedet
816 1523 920 1587 donec
949 1547 1064 1588 omnes

227 1641 231 1648 ’
277 1640 544 1722 edantinsimu13
566 1660 598 1705 et
615 1644 641 1705 si
662 1667 747 1706 unus
771 1642 952 1706 infirmatur
975 1642 1064 1730 quod

274 1776 414 1845 nequeat
433 1760 622 1842 comedere,
652 1761 757 1825 donec
780 1779 987 1826 removeatur
1012 1764 1066 1827 alii
1105 1754 1110 1763 ⁸

273 1879 475 1959 jejunabunt.
487 1882 544 1944 Isti
553 1882 730 1969 burgenses
738 1883 1067 1968 postquamvolebant

275 2002 446 2064 animalem
472 2019 618 2064 naturam
643 2002 705 2064 sibi
731 2024 877 2084 sumere,
905 2004 1067 2069 mitissimi

226 2199 233 2214 .
277 2122 421 2184 animalis
439 2139 585 2184 naturam
602 2122 665 2185 sibi
679 2120 867 2187 debuissent
875 2124 1066 2205 vendicare,

276 2258 308 2304 et
320 2242 435 2304 merito
453 2243 564 2305 cibum
580 2242 766 2306 amiserunt.
782 2244 984 2324 Quinetiam
1003 2246 1068 2308 hoc

278 2362 324 2424 eis
345 2362 489 2424 evenisse
509 2360 684 2424 voluissem
702 2360 791 2446 quod
817 2363 970 2450 magistro
995 2386 1069 2427 meo
1094 2452 1096 2456 Ι

278 2496 427 2541 narrante
436 2479 630 2558 jamdudum
647 2478 757 2542 audivi
779 2481 924 2542 evenisse
936 2482 1071 2546 incisori

279 2596 377 2682 Regis
406 2618 465 2681 pro
489 2596 647 2682 discipulo
672 2620 731 2659 suo
752 2599 922 2685 proprium
948 2585 1072 2663 nomen

280 2714 407 2793 Nediu‚
419 2731 456 2776 ut
464 2714 602 2776 fustibus
611 2714 820 2781 caederentur.
832 2718 926 2781 Pater
932 2718 1054 2784 adhaec
1064 2743 1071 2784 ε

279 2833 341 2896 Dic
356 2832 457 2911 mihi,
476 2831 540 2912 fili,
554 2833 632 2918 quid
652 2834 769 2898 audisti
784 2836 951 2921 quomodo
971 2841 1075 2903 eonti-

281 2957 327 3043 git
341 2952 520 3040 discipulo,
543 2956 697 3040 quoniam
718 2957 787 3020 talis
810 2957 951 3022 narratio
974 2961 1077 3027 animi

281 3076 342 3141 erit
357 3075 523 3140 recreatio.
547 3075 656 3140 Filius.
