2286 4238
569 340 612 397 9
633 326 676 400 4ο
698 341 741 400 «t

262 463 426 545 eruditus,
437 481 561 553 septem
571 465 667 528 etiam
678 464 895 552 probitatibus
905 464 1060 548 edoctus,

262 601 295 648 et
317 606 377 673 ego
397 584 519 648 aestimo
536 585 621 648 hanc
646 585 824 672 perfectam
845 586 1059 651 nobilitatem.

261 706 305 769 At
315 703 421 768 filius:
439 705 515 767 Haec
530 704 679 767 nobilitas
691 705 726 767 in
739 719 884 791 tempore
902 725 976 767 meo
993 725 1061 768 non

172 834 176 842 ’
262 823 413 911 contigit,
430 823 531 886 immo
542 825 614 886 auri
630 841 663 888 et
678 824 802 913 argenti
820 839 887 886 tota
903 839 952 886 est
962 844 1061 908 quam

261 941 358 1006 video
377 943 544 1024 nobilitas,
567 959 604 1006 ut
622 946 666 1008 ait
684 944 819 1031 quidem
840 941 1059 1006 versificator:

261 1062 452 1127 Glorificant
469 1087 552 1154 gazae
568 1063 708 1151 privatos
728 1064 913 1144 nobilitate,
926 1083 1062 1150 pauper·

260 1199 373 1271 tasque
387 1182 522 1246 domum
540 1183 658 1271 premit
669 1182 766 1245 altera
781 1182 960 1245 nobilitate.
975 1183 1059 1246 Ver·

261 1303 403 1368 sificator
414 1302 547 1391 quidam
558 1303 599 1365 de
608 1302 856 1366 adversitatibus
869 1303 979 1366 saeculi
989 1326 1061 1389 quae

261 1424 497 1510 superveniunt
507 1421 631 1484 nobiles
645 1423 751 1508 inquit
764 1444 770 1484 :
784 1423 845 1486 Dic
858 1422 919 1485 illis
932 1423 990 1509 qui
1001 1446 1061 1510 pro

262 1541 508 1605 adversitatibus
520 1563 591 1628 quae
608 1543 703 1605 nobis
722 1541 893 1625 accidunt,
905 1565 965 1606 nos
979 1566 1060 1606 con·

262 1676 451 1747 tempnunt,
467 1658 556 1752 quod
568 1661 725 1725 saeculum
740 1662 837 1726 nullis
851 1662 928 1725 fecit
939 1678 1063 1725 contra·
1094 1721 1097 1727 .

261 1783 348 1845 rium
376 1781 439 1845 nisi
470 1782 636 1846 nobilibus
659 1799 795 1848 tantum.
825 1785 944 1848 Nonne
969 1784 1062 1848 vides

264 1902 354 1990 quod
365 1926 453 1967 mare
468 1902 600 1967 devehit
611 1921 754 1968 stercora
768 1920 801 1967 et
810 1905 935 1994 paleas,
950 1921 983 1967 et
992 1928 1064 1992 pre-

263 2023 336 2086 tiosi
348 2023 471 2113 lapides
483 2025 516 2086 in
531 2022 672 2086 fundum
681 2023 826 2087 vadunt?
839 2025 959 2089 Nonne
969 2025 1061 2090 vides

264 2144 352 2232 quod
373 2146 408 2208 in
429 2145 509 2208 coelo
536 2161 613 2208 suut
634 2144 731 2209 stellae
755 2145 876 2232 quibus
897 2147 1062 2210 nescimus

262 2265 460 2329 numerum?
476 2266 519 2329 At
534 2266 668 2353 insuper
684 2266 773 2329 nulla
787 2265 922 2353 quidem
939 2267 1062 2356 patitur

262 2387 428 2474 eclipsim,
449 2402 565 2473 praeter
582 2387 683 2450 solem
699 2404 732 2450 et
748 2386 870 2450 lunam.
884 2389 928 2450 At
944 2404 1059 2475 pater:

263 2504 312 2565 Ex
324 2505 478 2590 temporis
495 2504 611 2568 inertia
624 2504 743 2568 accidit
757 2503 847 2592 quod
862 2505 1012 2568 homines
1027 2506 1061 2569 in

262 2620 382 2685 divitiis
398 2622 503 2685 solum
515 2623 665 2702 judicant
681 2623 897 2712 gloriandum.
910 2623 1004 2686 Unus
1023 2647 1062 2687 ex

263 2739 429 2828 discipulis
451 2742 660 2831 interrogavit
678 2747 869 2834 magistrum
891 2769 988 2810 suum
1011 2745 1062 2809 di·

263 2884 339 2924 cens
355 2884 362 2924 :
380 2863 463 2925 Cum
476 2879 600 2950 septem
618 2865 683 2928 sint
695 2883 779 2929 artes
796 2883 829 2930 et
841 2882 965 2954 septem
981 2887 1060 2953 pro-

262 2982 376 3046 bitates
403 2976 580 3071 et'septem
602 2984 788 3069 industriae,
811 2987 928 3051 vellem
948 3001 985 3052 ut
1003 2987 1061 3055 bas
1128 3020 1130 3025 ·

263 3103 364 3187 mihi,
383 3103 468 3166 sicut
489 3126 523 3167 se
544 3105 682 3188 habent,
703 3127 920 3170 enumerares.
942 3107 1063 3196 Magis·

262 3238 334 3284 ter:
352 3224 571 3288 Enumerabo.
592 3226 649 3288 Hae
666 3241 743 3290 sunt
760 3241 862 3290 artes:
877 3225 1061 3308 dialectica,

263 3340 481 3426 arithmetica,
514 3344 706 3432 geometria,
734 3347 887 3438 physica,
918 3349 1060 3428 musica,
