2286 4238
468 373 512 431 β
537 357 597 423 ι58
620 372 664 432 Q

167 480 279 545 citavit
302 496 413 568 gentes
435 501 443 541 ι
468 494 501 540 et
523 479 587 541 hoc
606 477 696 541 dicto
717 479 820 542 tacuit
840 480 969 567 sapient

165 601 276 666 homo.
299 599 400 683 Quod
412 599 582 665 audientes
596 600 789 688 Philosophi
803 603 970 666 miraban-

166 737 220 786 tur
240 721 349 807 etqui
372 719 507 783 aderant
522 719 676 783 universi.
697 719 759 783 Die
774 742 857 784 vero
875 722 969 785 tertia

167 841 375 928 Philosophia
394 840 615 926 quarentibus
628 814 755 902 licitum
769 840 969 928 repatriandi

166 959 367 1024 reverendus
395 960 448 1022 ille
472 959 700 1047 philosophico
725 960 844 1046 spiritu
864 959 968 1025 dixit:

168 1081 381 1144 Revertimini
399 1081 554 1167 quoniam
578 1095 727 1142 mortuus
748 1096 798 1142 est
814 1079 970 1145 dominus

167 1217 291 1281 vester,
305 1218 338 1264 et
356 1203 444 1263 Deus
453 1201 519 1279 jam
534 1221 657 1262 novum
668 1220 780 1286 regem
799 1199 847 1262 ibi
858 1201 972 1286 posuit

168 1322 227 1407 qui
245 1321 287 1384 sit
306 1336 415 1384 rectus
435 1320 633 1408 gubernator
656 1335 689 1381 et
711 1318 797 1381 mitis
814 1320 970 1406 gentihus

168 1439 318 1504 subditis.
340 1438 468 1503 Auditis
485 1437 603 1502 talibus
623 1437 816 1525 Philosophi
838 1439 898 1524 qui
911 1461 970 1502 ve·

169 1576 298 1639 nerant,
318 1559 422 1621 tribus
438 1580 514 1620 cum
527 1555 683 1643 praedicto
699 1556 844 1644 sapiente
859 1580 969 1622 rema·

169 1679 342 1758 uentibus,
357 1692 495 1762 quatuor
514 1677 772 1764 repatriaverunt
783 1678 843 1764 qui
859 1679 970 1743 omnia

169 1812 207 1859 ut
224 1796 269 1858 eis
287 1795 411 1859 dictum
423 1795 615 1860 fueratvera
629 1813 663 1861 et
678 1797 856 1862 constituta
873 1799 969 1864 inve·

169 1931 297 1978 nerunt.

211 2159 315 2221 Arabs
332 2156 414 2221 dixit
428 2156 495 2221 filio
508 2179 568 2221 suo
583 2179 591 2221 ι
606 2157 657 2221 Ne
677 2158 813 2222 moreris
831 2158 867 2221 in
887 2159 970 2223 civi·

168 2293 231 2340 tate
248 2278 345 2365 Regis
368 2277 519 2366 dispensa
544 2277 638 2356 cujus
661 2277 725 2341 erit
749 2277 853 2357 major
871 2301 971 2365 (pram

171 2397 328 2464 redditus.
952 2404 959 2419 ’

384 2713 582 2782 FABULA
606 2717 748 2784 XXIV.

212 3001 345 3067 Dictum
355 3022 495 3088 namque
506 3000 654 3087 estquod
665 3000 800 3088 quidam
811 3003 883 3066 Rex
890 3026 973 3068 suo·

169 3147 243 3188 rum
269 3122 437 3187 communi
471 3144 604 3187 assensu
628 3145 804 3210 procerum
837 3123 971 3189 cuidam

132 3235 136 3241 ’
169 3265 229 3305 suo
241 3243 389 3305 familiari
400 3265 498 3328 quem
509 3258 602 3305 antea
616 3260 814 3330 cognoverat
822 3244 857 3308 in
872 3267 974 3311 secu·

169 3360 290 3426 laribus
310 3384 379 3427 esse
397 3363 591 3450 prudentem
606 3364 705 3430 totius
716 3365 810 3454 regni
829 3366 970 3431 commi·
