2286 4238
573 333 617 392 b
638 318 660 392 d
680 328 724 386 Q

256 459 383 500 sacrans
399 452 436 500 ut
455 437 532 503 buio
552 434 652 499 libelli
667 435 731 498 mei
748 433 907 523 principio
924 432 1055 497 bonum

255 549 355 615 finem
377 550 549 639 adjungat,
571 572 687 636 meque
709 547 886 630 custodiat,
907 569 950 610 ne
972 547 1055 636 quid

256 664 291 726 in
308 686 347 727 eo
369 663 495 727 dicatur
511 662 601 750 quod
619 686 685 726 suae
700 661 865 751 displiceat
879 659 1056 742 voluntati5

256 800 362 841 amen.
376 777 463 840 Deus
479 775 578 864 igitur
586 774 620 836 in
633 775 695 839 boc
706 773 865 864 opusculo
879 772 960 835 mibi
971 772 1069 836 sitin.

257 887 428 968 auxilium,
449 887 506 973 qui
528 910 580 949 me
598 885 719 950 librum
736 887 825 950 hunc
840 907 1055 975 componere,

258 1015 290 1064 et
304 1001 339 1063 in
352 999 486 1063 latinum
500 999 673 1063 transferre
685 998 853 1087 compulit.
871 1001 954 1062 Cum
969 998 1056 1063 enim

258 1112 346 1202 apud
362 1135 415 1178 me
428 1114 541 1200 saepius
560 1113 764 1176 retractando
780 1115 929 1177 humanae
944 1139 1057 1184 causas

259 1226 427 1291 creationis
450 1225 640 1290 omnimodo
665 1228 747 1290 scire
766 1226 967 1312 laborarem,
993 1232 1059 1296 hu·

261 1455 360 1543 ceptis
379 1452 556 1517 conditoris
577 1452 618 1517 ad
637 1453 702 1517 boc
718 1475 788 1517 esse
799 1453 1011 1542 deputabam,
1024 1474 1062 1522 ut

266 1563 424 1652 quamdiu
433 1581 481 1627 est
491 1566 524 1628 in
533 1566 598 1628 hoc
612 1564 748 1648 saeculo,
761 1567 795 1628 in
807 1583 924 1632 sanctae
933 1570 1062 1634 studeat

263 1677 488 1741 exercitatione
501 1675 712 1764 philosophiae
724 1701 783 1775 per
798 1679 951 1765 quamde
966 1704 1058 1746 crea·

260 1809 332 1856 tore
348 1815 408 1855 suo
429 1790 594 1854 meliorem
614 1806 646 1854 et
668 1792 824 1871 majorem
842 1792 1061 1859 babeetnoti-

156 1948 159 1954 ·
262 1904 357 1984 tiam,
378 1918 411 1966 et
433 1901 596 1964 moderata
617 1899 743 1964 studeat
764 1903 870 1966 vivere
891 1904 1062 1981 continen-

264 2017 329 2097 tia,
345 2032 378 2080 et
397 2015 438 2086 ab
453 2013 695 2086 imminentibus
713 2014 793 2077 sciat
807 2014 1063 2104 sibilproecarere

263 2126 526 2208 adversitatibus,
554 2148 659 2212 eoque
687 2126 812 2189 tramite
841 2126 1007 2215 gpadiatur
1028 2129 1080 2203 in,

265 2239 403 2321 saeculo,
421 2240 478 2328 qui
491 2261 566 2302 eum
584 2237 682 2301 ducat
693 2235 734 2299 ad
745 2260 881 2325 regnum
894 2239 1060 2306 coelorum.

266 2350 365 2434 Quod
382 2352 454 2428 siin
471 2351 608 2440 praefatae
625 2365 742 2413 sanctae
759 2349 935 2438 disciplinae
950 2341 1064 2427 notitia

265 2465 397 2549 vixerit,
422 2465 487 2533 hoc
511 2463 643 2551 quidem
664 2485 725 2550 pro
751 2485 817 2549 quo
842 2480 968 2536 creatus
998 2481 1061 2547 est,

268 2577 451 2663 complevit,
466 2576 625 2662 debetque
635 2575 799 2662 perfectus
811 2575 973 2664 appellari.
986 2577 1065 2653 Fra·

269 2689 365 2778 gilem
378 2690 472 2752 etiam
480 2689 621 2752 hominis
638 2690 892 2778 complexionem
904 2713 972 2754 esse
985 2713 1066 2767 con·

269 2799 424 2880 sideravi,
442 2823 531 2887 quae,
549 2824 590 2863 ne
610 2799 742 2865 taedium
768 2803 929 2884 incurrat,
953 2805 1065 2892 paucis

269 2913 457 2978 instruenda
486 2931 542 2977 est
568 2915 692 2978 Duritie
717 2938 846 3001 quoque
868 2917 935 2996 ejus
958 2941 1067 2983 recor·

270 3030 362 3094 datus
383 3045 421 3092 ut
441 3027 564 3091 facilius
590 3029 722 3092 retineat
742 3028 985 3116 quodammodo
1008 3054 1068 3097 ne·

269 3147 405 3211 cessario
427 3142 601 3207 mollienda
617 3161 649 3207 et
664 3142 878 3207 dulcificanda
895 3160 966 3226 est,
991 3147 1068 3232 quia

271 3273 303 3329 et
312 3257 466 3322 obliviosa
478 3274 540 3338 est,
553 3257 663 3321 multis
674 3255 798 3344 indiget
808 3279 878 3342 quae
889 3256 1068 3332 oblitorum
