2286 4238
577 357 620 413 ι
664 343 684 407 8
706 355 750 413 ι

262 465 397 553 ingenio
415 462 530 527 veutlae
546 364 674 526 reddilis
692 460 756 525 fuit
773 459 843 524 viro
864 481 993 524 summa
1006 483 1069 549 pe·

268 585 383 649 cuniae.

310 822 496 910 Discipulus
523 843 531 884 :
556 819 648 884 Istud
667 821 789 883 mirum
812 821 874 883 fuit
898 821 1070 909 ingenium

268 955 364 1026 atque
374 938 531 1019 utilc,ncc
540 953 621 1025 puto
631 936 721 1024 quod
729 937 844 1024 aliquis
854 937 1070 1027 philosophus

268 1058 419 1122 subtilius
436 1056 592 1146 cogitaret
608 1079 667 1144 per
684 1056 774 1144 quod
789 1057 892 1120 levius
910 1058 960 1120 vir
976 1081 1069 1122 suam

268 1177 442 1264 pecuniam
455 1191 671 1262 recuperaret.
683 1173 837 1263 Magister
848 1198 855 1238 :
865 1177 951 1238 Bene
960 1194 1071 1263 posset

269 1296 488 1382 Philosophus
504 1317 563 1357 suo
573 1293 680 1356 facere
693 1293 830 1356 naturali
844 1294 1069 1382 ingenioDis·

269 1417 396 1504 cipulus
416 1436 424 1478 :
446 1416 516 1477 Hoc
541 1415 626 1477 bene
653 1413 767 1494 cred03
790 1413 848 1477 sed
873 1416 901 1477 si
927 1415 1069 1501 aliquem

269 1533 544 1620 Philosophorum
555 1534 654 1612 hujus
666 1533 757 1597 modi
771 1534 945 1621 reposuisti
955 1535 989 1597 in
1002 1559 1071 1600 cor·

271 1653 320 1716 dis
337 1651 526 1732 armariolo,
541 1651 659 1740 largire
677 1653 761 1715 mihi
778 1651 956 1739 discipulo,
969 1671 1002 1717 et
1010 1677 1071 1743 ego

270 1772 359 1836 fideli
372 1772 537 1834 memoriae
548 1772 806 1854 commendabo,
826 1790 863 1836 ut
872 1773 1071 1862 quandoque

271 1892 437 1980 discipulis
454 1894 536 1956 lacte
552 1892 767 1980 philosophia*
787 1891 933 1956 educatis
955 1893 1074 1958 delica-

271 2017 431 2081 tissimum
440 2016 550 2104 largiri
560 2015 683 2103 possim
693 2015 893 2079 alimentum.
904 2015 1070 2102 Magister.

501 2321 709 2389 FABULA
734 2322 838 2389 XIV.

315 2617 458 2704 Contigit
474 2615 708 2702 quodquidam
721 2617 822 2680 homo
836 2616 952 2680 habuit
965 2617 1074 2684 filium

272 2739 327 2802 cui
347 2753 420 2824 post
433 2753 571 2798 mortem
591 2760 683 2800 suam
705 2739 787 2801 nihil
803 2755 918 2826 praeter
935 2739 1075 2804 domum

272 2857 403 2921 dimisit.
426 2856 490 2917 Iste
508 2878 583 2917 cum
605 2879 722 2945 magno
736 2858 847 2920 labore
869 2860 1001 2946 corpori
1014 2883 1076 2924 suo

270 2981 324 3043 vix
342 2978 439 3041 etiam
456 2998 527 3061 quae
547 2993 661 3040 natura
673 2979 772 3066 exigit
781 2979 1030 3067 suppeditabat,
1046 3000 1079 3046 et

270 3117 378 3163 tamen
403 3097 538 3160 domum
567 3122 676 3180 suam,
698 3099 775 3163 licet
800 3122 916 3188 magna
941 3119 1078 3167 coactus

272 3218 395 3300 inedia,
406 3218 548 3282 rendere
559 3220 699 3282 nolebat.
712 3221 862 3284 Habebat
872 3237 982 3284 autem
992 3246 1080 3310 puer

272 3339 330 3400 iste
357 3337 533 3424 quemdam
563 3339 709 3403 ricinum
736 3340 830 3404 valde
856 3341 993 3404 divitem
1020 3347 1080 3435 qui
