2286 4238
542 359 669 432 »142
698 370 740 427 ε

248 502 309 569 pro
339 479 455 542 futuris
482 478 669 564 praesentia,
698 499 738 539 ne
767 475 902 538 forsitan
929 475 1054 564 perdas

249 616 425 685 utrumque
443 598 528 661 sicut
549 597 656 660 evenit
673 597 751 685 lupo
774 594 816 659 de
836 596 947 661 bobus
966 621 1049 687 pro·

249 721 354 784 missis
371 720 535 783 arustico.

419 1127 430 1149 ⁹
476 1137 684 1206 FABULA
710 1136 817 1205 XXI.

290 1426 422 1488 Dictum
435 1443 575 1508 namque
594 1421 657 1483 fuit
677 1418 860 1482 desistore
880 1418 973 1505 quod
988 1422 1054 1485 b0.

248 1564 303 1605 ves
314 1543 399 1604 illius
413 1557 502 1603 recto
517 1540 643 1603 tramite
655 1538 779 1601 nollent
791 1537 967 1619 incedere,
983 1541 1056 1626 qui·

248 1661 310 1723 bus
328 1660 426 1723 dixit:
442 1660 526 1746 Lupi
544 1682 602 1722 vos
618 1658 810 1721 comedant!
835 1657 936 1738 Quod
952 1658 1052 1747 lupus

247 1777 383 1840 audiens
406 1778 577 1863 acquievit.
605 1779 688 1840 Cum
716 1776 787 1839 dies
815 1773 996 1840 declinaret
1020 1793 1055 1841 et

245 1901 310 1979 jam
327 1900 466 1963 rusticus
479 1898 520 1961 de
534 1915 638 1961 aratro
654 1899 755 1960 boves
775 1896 942 1978 solvisset,
957 1899 1053 1961 venit

246 2020 288 2082 ad
302 2041 381 2083 eum·
396 2019 492 2108 lupus
512 2019 623 2082 dicens
643 2042 650 2081 :
675 2021 723 2081 Da
745 2017 826 2080 mihi
840 2018 943 2081 boves
964 2042 1054 2105 quos
1129 2049 1131 2054 ·

245 2140 432 2228 promisisti.
451 2138 504 2201 Ad
517 2140 586 2201 haec
601 2154 707 2200 arator
727 2160 733 2199 :
752 2137 786 2200 Si
801 2138 941 2200 verbum
958 2136 1054 2221 dixi,

247 2281 313 2321 non
337 2273 538 2321 sacramento
565 2256 699 2320 firmavi.
726 2259 767 2319 Et
788 2257 885 2343 lupus
908 2274 1048 2323 contra:

246 2381 374 2442 Habere
387 2380 493 2443 debeo
508 2379 584 2464 quia
597 2377 793 2440 concessisti.
806 2377 967 2440 Dixerunt
981 2394 1053 2442 tan·

247 2496 322 2558 dem
336 2497 425 2582 quod
438 2497 522 2558 irent
534 2495 757 2574 adjudicium.
777 2496 876 2577 Quod
898 2496 979 2560 dum
996 2499 1048 2562 fa·

247 2630 358 2678 cerent
366 2614 456 2700 vulpi
470 2615 694 2678 obviaverunt.
706 2616 836 2697 Quibus
846 2617 1050 2683 abeuntibus

246 2736 291 2799 ait
307 2736 419 2821 vulpes
437 2758 444 2796 :
468 2736 543 2815 Quo
566 2735 722 2800 tenditis?
747 2736 798 2799 Illi
816 2737 905 2823 quod
921 2738 1047 2803 factum

245 2859 352 2921 fuerat
366 2871 580 2919 narraverunt
592 2856 691 2942 vulpi.
715 2857 844 2939 Quibus
861 2857 962 2923 dixit:
980 2861 1047 2925 Pro

246 2979 348 3042 nihilo
363 2978 463 3040 alium
478 2976 618 3062 quaeritis
630 2975 793 3058 judicem,
811 2980 965 3064 quoniam
977 3004 1051 3046 rec·

246 3117 314 3164 tum
333 3100 425 3163 vobis
449 3099 564 3161 faciam
586 3097 764 3179 judicium3
781 3099 839 3161 sed
859 3101 950 3187 prius
967 3125 1047 3189 per·

246 3220 360 3282 mittite
377 3220 468 3306 loqui
487 3220 623 3282 consilio
638 3219 695 3281 uni
710 3242 749 3281 ex
764 3220 857 3283 vobis
877 3237 910 3283 et
923 3219 1047 3288 deinde

248 3335 318 3414 alii,
332 3339 401 3400 etsi
412 3355 527 3423 potero
539 3361 597 3401 vos
612 3337 811 3402 concordare
819 3339 889 3403 sine
898 3340 1045 3426 judicio,
