2286 4238
553 350 603 407 ἰ
625 334 667 398 68
690 345 733 404 4

246 476 475 550 persequentes
507 460 627 540 istum,
664 476 696 522 et
728 482 787 524 nos
817 475 928 547 aperto
960 460 1046 521 ostio

247 584 336 646 hune
362 605 439 646 cum
466 604 526 644 suo
553 579 661 670 gladio
689 581 808 644 intrare
838 580 1044 667 permisimus

249 702 353 768 donec
375 702 580 766 discederent
594 702 651 787 qui
672 701 765 764 illum
786 700 968 765 interficere
989 724 1046 764 vo-

247 823 371 902 lebant,
397 822 454 907 qui
472 838 549 884 tunc
572 820 688 883 timens
715 836 745 883 te
768 820 909 905 aliquem
925 842 964 881 ex
983 821 1047 883 illis

249 964 336 1022 esse,
349 941 548 1028 stupefactus
561 939 643 1002 nihil
656 940 717 1002 tibi
730 938 908 1027 respondit.
927 940 968 1003 Et
981 943 1025 1003 ait
1037 965 1049 1003 :·

250 1063 336 1125 Bene
352 1062 487 1142 habeas,
505 1059 654 1140 domina,
672 1082 743 1145 quae
755 1060 820 1122 hoc
838 1059 938 1124 modo
957 1062 1047 1124 hunc

250 1183 421 1247 liberastis
437 1198 558 1261 morte3
570 1197 603 1244 et
611 1181 767 1243 introiens
780 1179 950 1244 advocavit
963 1205 1049 1244 ama·

252 1303 337 1367 sium
354 1303 463 1366 uxoris
480 1325 546 1365 suae
563 1318 595 1363 et
612 1322 723 1364 secum
740 1298 853 1362 sedere
869 1300 963 1380 fecit,
982 1302 1046 1365 sic·

253 1445 316 1509 que
335 1422 487 1487 dulcibus
506 1421 653 1507 alloquiis
666 1419 839 1484 delinitum
861 1421 947 1485 eirca
965 1443 1048 1485 noc·

251 1557 318 1607 tem
333 1543 419 1605 exire
436 1542 567 1605 dimisit.

295 1661 481 1748 Discipulus
505 1685 516 1727 t
542 1660 691 1724 Miranda
715 1660 842 1742 dixisti,
872 1661 930 1725 sed
958 1685 1050 1725 nune

192 1817 198 1824 ·
251 1779 351 1866 magis
371 1779 497 1843 illarum
519 1797 809 1867 praesumptuosam
823 1781 926 1843 miror
942 1781 1047 1844 auda·

252 1899 347 1963 ciam.
361 1899 445 1962 Volo
461 1915 568 1962 tamen
584 1916 622 1963 ut
643 1899 752 1963 adhuc
772 1900 855 1962 mihi
874 1899 915 1963 de
937 1922 1048 1964 earum

252 2019 407 2106 ingeniis,
421 2020 449 2082 si
458 2042 524 2082 non
534 2021 633 2083 fuerit
642 2042 756 2107 grave,
768 2019 865 2084 dicas.
882 2022 1049 2101 Quantum

206 2125 211 2138 ¹
253 2141 341 2211 enim
359 2139 459 2226 magis
483 2137 618 2219 dixeris,
646 2154 770 2201 tantum
797 2139 918 2217 majora
942 2163 1048 2202 mere·

254 2261 351 2323 beris.
369 2258 422 2322 Ad
441 2259 530 2347 quod
550 2260 700 2348 magister
722 2282 730 2322 :
750 2261 868 2324 Nonne
881 2261 941 2324 tibi
958 2260 1051 2324 suffi-

254 2379 346 2442 ciunt
359 2379 441 2443 ista?
461 2380 539 2442 Tria
555 2380 616 2443 tibi
627 2380 770 2460 narravi,
790 2395 823 2444 et
845 2396 881 2443 tu
901 2379 1051 2445 nondum

253 2497 372 2561 desinis
390 2499 564 2587 instigare?
581 2500 766 2587 Discipulus
784 2522 792 2564 :
814 2501 891 2562 Tria
910 2500 1051 2564 dicendo

253 2619 392 2681 nimium
401 2642 498 2707 auges
515 2619 681 2683 recitando
692 2643 887 2700 numerum,
907 2621 935 2682 si
948 2645 1055 2708 pauea-

254 2753 436 2801 sonuerunt
448 2737 557 2800 verba.
571 2738 632 2800 Dic
646 2761 722 2828 ergo
737 2761 841 2801 unum
853 2736 943 2824 quod
955 2737 1052 2826 longa

254 2856 449 2923 verbositate
474 2878 561 2919 meas
579 2858 702 2944 repleat
721 2880 832 2939 aures,
852 2857 950 2920 etsie
969 2858 1053 2920 mihi

258 2976 407 3040 sufficiet.
427 2976 601 3065 Magister:
619 2977 703 3044 Cave
722 3000 763 3041 ne
784 2979 949 3066 contingat
969 2979 1053 3042 inter

255 3120 313 3161 nos
330 3097 419 3185 quod
436 3099 520 3162 inter
535 3122 645 3187 regem
658 3115 689 3163 et
702 3123 798 3163 suum
822 3099 941 3163 accidit
955 3101 1052 3164 fabu·
1107 3142 1110 3147 v

253 3219 399 3283 latorem.
422 3221 629 3307 Discipulus:
652 3219 758 3304 Quid,
782 3244 856 3286 care
882 3221 1051 3310 magister,

260 3338 339 3423 quid
352 3339 483 3404 tandem
498 3339 637 3405 accidit?
