2286 4238
574 353 619 410 b
642 339 682 404 58
703 350 747 410 1

257 458 403 538 Faciam,
421 456 543 543 inquit,
562 459 610 520 tui
632 481 729 523 causa
745 460 900 538 libenter,
922 456 981 521 sed
994 480 1053 521 ve·

256 600 331 641 reor
343 599 384 640 ne
400 578 428 640 si
441 578 499 663 qui
514 594 623 640 nostra
636 578 775 666 simplici
791 579 899 640 animo
910 576 1054 664 legentes

256 698 399 761 carmina
414 719 486 783 quae
501 695 542 759 de
559 696 733 760 mulierum
748 698 873 761 artibus
885 696 926 759 ad
940 718 1053 758 earum

256 816 491 878 correctionem
504 830 536 877 et
550 830 638 879 tuam
654 832 686 878 et
704 816 843 880 aliorum
865 817 1053 878 instructio·

255 957 331 998 nem
348 935 538 1016 scribimus,
558 933 699 998 viderint
716 934 868 998 videlicet
886 934 1055 1021 quomodo

256 1076 382 1133 earum,
407 1054 628 1116 nescientibus
655 1054 756 1134 viris,
792 1076 867 1116 suos
895 1053 1056 1117 advocent

255 1174 411 1254 amasios,
428 1189 461 1236 et
481 1173 732 1260 complectentes
749 1171 979 1235 deosculentur
994 1172 1054 1233 ad·

255 1309 402 1372 vocatos,
428 1308 461 1355 et
478 1315 549 1379 quac
570 1291 697 1354 illarum
724 1292 844 1378 expetit
863 1291 992 1355 lascivia
1019 1292 1054 1351 in

254 1411 331 1498 ipsis
344 1410 493 1498 expleant
501 1433 613 1473 earum
624 1411 800 1496 nequitiam
814 1411 849 1471 in
860 1432 918 1472 nos
928 1409 1054 1472 redun-

256 1529 332 1592 dare
350 1528 492 1592 credant.
515 1528 701 1616 Discipulus
724 1553 731 1593 :
755 1531 805 1592 Ne
828 1530 943 1593 timeas
966 1531 1055 1611 hoc,

256 1649 423 1735 magister,
443 1647 519 1749 quia
535 1646 686 1710 Salomon
704 1648 738 1709 in
753 1647 837 1711 libro
857 1649 1054 1712 Proverbio·

256 1790 329 1829 rum
341 1779 365 1846 ¹,
379 1782 412 1828 ct
425 1766 519 1845 multi
529 1767 688 1854 sapientes
705 1790 819 1854 pravos
834 1790 944 1831 earum
960 1769 1058 1832 corri-

256 1885 364 1974 gendo
383 1908 489 1949 mores
509 1885 582 1948 talia
604 1887 820 1973 scripserunt,
842 1911 902 1951 nec
926 1888 1056 1975 culpam

256 2003 314 2067 sed
326 2003 457 2067 laudem
468 2003 544 2067 inde
554 2022 815 2092 promeruerunt.
841 2008 895 2069 Tu
909 2006 1056 2068 similiter

257 2126 298 2190 de
326 2127 387 2190 illis
415 2128 578 2207 scribens,
612 2144 723 2215 rogata
749 2129 818 2190 sine
849 2129 1055 2191 cunctatione

257 2246 453 2312 demonstra.
473 2251 570 2312 Tunc
585 2249 746 2336 magister.

496 2556 703 2624 FABULA
726 2558 820 2635 Vn,

319 2842 464 2905 Perrexit
493 2841 626 2928 quidam
653 2841 861 2905 vendemiare
892 2843 1021 2909 vineam
1048 2872 1055 2910 :
1138 2843 1140 2847 ’

260 2960 349 3050 quod
362 2982 444 3049 uxor
460 2959 545 3023 illius
556 2959 685 3041 videns,
700 2960 856 3024 intellexit
866 2962 958 3025 illum
971 2966 1059 3028 circa

258 3083 387 3146 vineam
402 3079 524 3144 diutius
538 3097 759 3162 moraturum,
777 3097 809 3144 et
822 3083 920 3146 misso
934 3087 1056 3147 'nuncio

260 3217 418 3265 convocat
429 3203 587 3281 amicum,
607 3201 858 3288 conviviumque
875 3219 974 3289 parat.
990 3204 1055 3266 Ac·

294 3354 344 3397 ΞΥ.
358 3365 384 3407 2,
398 3351 424 3407 3,
438 3357 465 3406 4,
478 3351 544 3408 t‚o,
556 3359 579 3397 et
591 3351 746 3412 nlibipassima
