2286 4238
535 343 717 442 ΜΗ

469 609 678 676 FABULA
702 610 767 676 lv.

260 839 434 902 Transiens
447 824 579 926 quidam
592 862 651 928 per
661 839 800 928 sylvam,
814 838 942 901 invenit
953 842 1021 901 ser·

215 976 346 1047 pentem
365 984 384 1023 a
403 962 587 1050 pastoribus
609 977 775 1024 extentum
796 975 829 1022 et
852 959 1018 1047 stipitibus

215 1081 395 1170 alligatum,
430 1105 529 1169 quem
567 1104 642 1144 mox
672 1081 815 1143 solutum
844 1079 1019 1143 calefacere

215 1201 350 1264 curavit.
377 1201 557 1264 Calefactus
580 1222 712 1290 serpens
745 1199 832 1261 circa
854 1199 1019 1263 foventem

215 1341 344 1407 serpere
371 1322 484 1408 coepit,
508 1337 541 1383 et
565 1318 696 1382 tandem
720 1318 855 1406 ligatum
881 1318 1019 1406 graviter

215 1440 351 1502 strinxit.
374 1442 469 1502 Tunc
492 1442 615 1503 homo:
638 1437 745 1521 Quid,
766 1437 890 1523 inquit,
915 1437 1020 1501 facis?

216 1557 282 1619 Cur
306 1558 427 1620 malum
446 1581 506 1645 pro
526 1559 615 1621 bono
636 1556 771 1621 reddis?
788 1556 841 1621 Ad
862 1557 932 1620 haec
949 1579 1018 1621 ser·

215 1699 296 1764 pens
309 1700 317 1740 :
330 1678 489 1742 Naturam
502 1701 607 1743 meam
624 1680 717 1743 facio.
731 1681 877 1761 Bonum,
890 1680 935 1742 ait
947 1679 1018 1759 itte,

216 1796 278 1860 tibi
296 1799 379 1881 feci,
399 1816 432 1864 et
453 1800 534 1864 illud
551 1801 635 1867 malo
652 1802 735 1865 mihi
749 1799 871 1864 solvis?
892 1800 959 1863 Illis
972 1799 1019 1862 sic

216 1913 511 1996 contendentibus,
531 1933 644 1980 vocata
663 1930 712 1980 est
726 1914 811 1978 inter
830 1935 885 1976 eos
906 1911 951 1976 ad¹
963 1912 1018 1991 ju-

216 2033 339 2099 dicium
351 2035 476 2124 vulpes,
493 2037 548 2100 eui
561 2051 665 2100 totum
678 2051 717 2098 ut
725 2034 834 2097 evenit
849 2056 888 2096 ex
902 2031 1017 2096 ordine

217 2172 430 2219 monstratum
446 2172 503 2219 est.
518 2157 613 2219 Tune
627 2154 740 2244 vulpes
758 2176 765 2216 :
780 2154 829 2217 De
843 2153 905 2217 hac
922 2175 1018 2216 causa

215 2297 275 2362 per
294 2275 444 2339 auditum
466 2275 614 2354 judicare
639 2276 773 2363 ignoro,
797 2274 860 2336 uisi
881 2273 1019 2360 qualiter

213 2398 299 2460 inter
323 2420 380 2461 vos
404 2370 548 2484 primum
568 2396 668 2460 fuerit
685 2394 727 2458 ad
752 2395 885 2458 oculum
908 2392 1015 2457 video.

215 2516 382 2604 Religatur
404 2517 524 2580 iterum
551 2539 683 2605 serpens
709 2532 747 2579 ut
769 2516 870 2603 prius.
897 2491 1017 2596 Modo,

212 2635 320 2723 inquit
336 2637 469 2724 vulpes,
492 2660 512 2699 o
538 2659 690 2725 serpens,
707 2636 734 2698 si
752 2650 843 2724 potes
862 2633 1017 2714 evadere,

213 2757 360 2841 discede;
371 2776 418 2840 et,
429 2760 546 2840 homo,
558 2758 599 2822 de
611 2757 769 2822 solvendo
783 2773 938 2845 serpente
949 2755 1018 2819 noli

212 2881 369 2945 laborare.
392 2878 511 2943 Nonne
533 2878 638 2967 legisti
660 2881 736 2969 quia
756 2879 814 2966 qui
835 2876 1017 2967 pendulum

216 3002 327 3083 solvit,
346 3023 444 3090 super
458 3000 551 3064 illum
565 3001 635 3064 erit.

258 3239 349 3304 Dixit
367 3241 471 3304 Arabs
495 3237 641 3303 filiosuo
663 3236 725 3301 :si
748 3240 895 3325 gravams
917 3231 1017 3296 fueris

217 3357 325 3447 aliquo
351 3359 450 3424 modo
477 3376 509 3423 et
529 3360 622 3423 facile
648 3357 750 3447 possis
776 3355 925 3438 liberari,
950 3375 1017 3418 non
