2286 4238
546 340 588 397 ι
611 336 651 415 54
672 350 716 408 ε

238 464 373 541 fruitur,
390 460 505 549 procul
515 460 616 524 dubio
628 461 739 524 mortis
754 461 912 523 immerite
923 483 1033 548 peenas

237 582 390 647 lucratur.

283 825 397 885 Fertur
407 821 448 884 de
458 821 587 886 duobus
603 820 767 908 discipulis
778 818 868 906 quod
881 837 1033 882 exeuntes

242 942 281 1006 de
305 940 444 1029 quadam
467 943 593 1006 civitate
610 957 771 1006 venerunt
790 941 824 1004 in
844 941 955 1005 locum
976 942 1034 1004 ubi

240 1086 303 1126 vox
325 1063 492 1143 cujusdam
512 1062 650 1126 foeminae
668 1063 761 1127 valde
781 1085 899 1126 sonora
921 1061 1036 1125 audie-

240 1184 517 1270 batur2verbaque
528 1200 640 1247 cantus
651 1185 736 1248 bene
745 1183 924 1271 composita
934 1197 1035 1260 erant,

242 1317 274 1366 et
292 1320 404 1365 cantus
423 1303 490 1390 ipse
507 1304 630 1366 musice
646 1318 849 1366 constructus
864 1299 956 1365 valde
975 1299 1034 1364 de·

240 1420 395 1485 lectabilis
413 1437 446 1484 et
460 1424 632 1486 amatorius
648 1422 802 1485 insonuit.
816 1421 943 1486 Sustitit
957 1421 1037 1485 alter

242 1541 400 1603 cantilena
415 1554 574 1620 retentus,
595 1541 649 1604 cui
660 1542 768 1605 socius
788 1563 796 1602 ε
813 1540 1036 1623 Divertamus,

243 1675 275 1723 et
290 1658 491 1722 diverterunt
505 1659 599 1741 hinc,
618 1661 694 1747 quia
713 1661 878 1724 interdum
894 1661 1038 1726 volucris
1093 1656 1099 1668 ⁸

243 1776 404 1864 decipitur
421 1794 518 1841 cantu
535 1777 657 1865 quoad
674 1795 811 1843 mortem
826 1778 1038 1867 producitur,

243 1910 275 1958 et
287 1897 405 1961 iterum
414 1921 516 1963 unus:
531 1899 594 1963 Ista
600 1922 663 1962 vox
677 1897 803 1962 dulcior
815 1914 864 1962 est
875 1899 928 1962 itu
939 1921 1036 1985 quam

243 2040 302 2106 ego
326 2034 358 2081 et
381 2019 530 2107 magister
557 2040 648 2083 meus
671 2018 867 2107 jampridem
888 2018 1038 2083 audiera-

242 2162 324 2204 mus.
334 2141 377 2203 Et
389 2140 490 2226 qualis
507 2156 589 2220 erat,
601 2140 813 2227 inquitalter,
824 2152 856 2203 et
870 2138 1038 2235 quomodo

242 2260 328 2325 illam
344 2258 498 2324 audistis?
519 2259 651 2340 Evenit,
675 2257 758 2322 dixit
774 2259 899 2339 socius,
916 2256 1040 2345 quoda

243 2381 369 2443 civitate
384 2380 578 2460 exieramus,
596 2394 628 2442 et
642 2379 690 2442 sie'
701 2395 764 2442 vox
784 2398 849 2440 una
863 2377 1039 2465 asperrima-

243 2500 445 2580 audiebatur,
464 2515 496 2563 et
517 2516 629 2563 cantus
649 2499 897 2586 incompositus,
920 2498 1039 2560 verba·

244 2636 306 2700 que
330 2614 513 2679 inordinate
539 2617 717 2696 sonabant,
741 2600 863 2702 quique
890 2616 1041 2679 cantabat

245 2734 360 2821 saepius
370 2755 429 2821 per
441 2733 529 2796 idem
536 2735 717 2821 repetebat,
729 2750 761 2796 et
772 2754 832 2796 suo
839 2733 1039 2819 licetaspero
1062 2745 1070 2753 “·

246 2871 342 2918 cantu
368 2854 459 2941 quasi
484 2850 907 2916 delectabili'detiuebatur.
941 2843 1039 2914 Tunc

247 2977 328 3039 mihi
343 2975 493 3063 magister
510 2997 517 3038 :
533 2974 567 3037 Si
582 2996 696 3037 verum
713 2969 867 3057 estquod
887 2970 1041 3034 homiues

247 3094 361 3159 dicunt
373 3118 487 3160 vocem
498 3095 640 3158 bubonis
651 3091 793 3156 hominis
807 3107 944 3154 mortem
960 3113 1037 3178 por-

247 3215 396 3296 tendere,
420 3232 498 3279 tunc
519 3216 578 3278 ista
599 3214 668 3277 sine
688 3213 789 3277 dubio
809 3235 871 3275 vox
896 3210 1038 3274 bubonis

247 3333 373 3394 homiui
387 3349 524 3419 mortem
540 3331 720 3419 annuuttat
740 3331 803 3395 cui
819 3348 901 3418 ego:
920 3329 1038 3409 Miror,
