2286 4238
569 342 612 398 ρ·
634 325 676 410 96
699 339 742 396 Q

262 448 361 527 hujus
380 446 528 534 pecuniae
549 443 846 508 commendatorem
869 444 993 509 adesse.
1019 447 1063 510 Et

261 577 342 641 dum
367 577 411 638 ita
438 575 628 661 loqueretur
648 575 738 637 venit
761 574 886 660 primus
910 572 1061 639 deferens

259 705 432 785 scrinium,
449 705 518 768 aliis
530 728 550 768 a
561 705 658 794 longe
669 704 911 792 apparentibus.
924 704 1061 768 Interim

263 821 421 923 deceptus
440 851 676 922 praceptorum
693 835 809 899 vetulae
832 858 899 898 non
920 834 1061 916 oblitus,

240 982 335 1056 vpost
357 965 499 1052 primum
520 964 676 1028 scrinium
700 966 784 1029 sicut
806 965 836 1028 ei
861 981 1062 1052 praeceptum

262 1094 369 1158 fuerat
381 1094 480 1158 venit.
502 1093 559 1155 Ille
576 1116 654 1156 vero
668 1093 725 1180 qui
740 1093 914 1181 pecuniam
932 1093 1061 1158 celave-

262 1238 325 1302 rat,
344 1223 460 1310 plenus
481 1223 633 1308 nequitiae
651 1237 684 1284 et
702 1221 793 1284 multe
811 1222 907 1301 artis,
927 1238 964 1284 ut
980 1220 1065 1286 vidit

263 1351 431 1414 hominem
442 1352 625 1414 venientem
636 1351 691 1414 cui
700 1350 873 1437 pecuniam
883 1350 1062 1433 celaverat,

265 1481 382 1543 timens
402 1501 443 1541 ne
463 1479 491 1540 si
506 1479 679 1564 pecuniam
694 1481 891 1565 requireret,
910 1479 991 1542 alius
1007 1481 1065 1568 qui

266 1630 357 1670 suam
370 1607 545 1694 pecuniam
554 1607 739 1672 adducebat
752 1631 819 1672 non
832 1610 1065 1690 committeret,

270 1753 382 1798 contra
399 1758 475 1798 eum
490 1735 534 1797 ita
553 1735 693 1799 dicendo
707 1739 849 1825 perrexit
867 1762 875 1801 :
896 1739 924 1800 Ο
942 1739 1065 1818 amice,

269 1865 329 1928 ubi
349 1864 438 1929 fuisti
457 1882 489 1929 et
508 1866 567 1929 uhi
582 1864 772 1929 diutinasti?
794 1866 878 1929 Veni
901 1883 933 1929 et
955 1867 1068 1953 accipe

268 1995 441 2081 pecuniam
456 1994 533 2059 fidei
549 2018 628 2058 meae
647 1994 773 2075 jamdiu
789 1995 1067 2077 commendatam,

269 2123 345 2209 quia
368 2123 479 2185 inveni
501 2139 533 2186 et
554 2122 674 2186 amodo
694 2122 791 2186 taedet
811 2145 862 2185 me
889 2121 1068 2186 custodire.

269 2255 313 2316 At
337 2252 390 2314 ille
415 2251 506 2314 laetus
529 2265 562 2313 et
586 2250 729 2338 gaudens
750 2252 874 2339 recepit
894 2253 1070 2339 pecuniam

272 2381 387 2469 gratias
404 2401 512 2466 agens.
526 2379 661 2462 Vetula,
678 2397 715 2444 ut
725 2381 809 2444 vidit
816 2368 989 2444 ³hominem
1010 2405 1071 2469 pe·

271 2509 401 2571 cuniam
427 2531 519 2571 suam
543 2508 688 2590 hahere,
716 2511 857 2574 surrexit
877 2527 910 2574 et
933 2511 1071 2597 inquit:

273 2634 399 2698 Ibimus
424 2658 484 2724 ego
505 2651 537 2699 et
558 2638 665 2700 socius
685 2659 775 2700 meus
793 2654 913 2703 contra
934 2640 1073 2704 scrinios

273 2781 400 2830 nostros
424 2782 457 2828 et
480 2766 631 2829 festinare
654 2768 901 2854 praecipiemus,
930 2783 967 2831 tu
993 2791 1075 2833 vero

272 2910 405 2982 expecta
420 2894 525 2958 donec
542 2893 711 2957 redeamus
725 2912 758 2958 et
772 2896 858 2958 bene
874 2917 967 2958 serva
981 2897 1075 2984 quod

267 3022 334 3101 jam
343 3020 549 3086 adduximus.
564 3021 622 3084 llle
637 3038 745 3084 autem
756 3022 846 3086 laetus
859 3025 969 3089 animo
981 3027 1076 3113 quod

200 3147 208 3168 ⁹
271 3164 439 3234 acceperat
470 3150 626 3229 servavit,
660 3149 903 3237 adventumque
934 3176 1075 3237 eorum,

275 3275 363 3359 quod
377 3276 488 3340 adhuc
505 3295 626 3364 potest,
649 3280 845 3365 expectavit,
868 3281 961 3344 etita
984 3283 1078 3347 bono
