2286 4238
551 355 596 411 b
616 368 658 431 92
681 359 724 414 4

247 465 364 543 injuste
379 466 552 551 pecuniam
569 466 653 547 ibat,
675 465 868 552 blandisque
890 468 1046 555 precibus

248 617 323 658 eum
348 595 583 683 deprecabatur
608 590 645 660 itt
675 597 848 684 pecuniam
872 595 1045 678 redderet,

249 722 339 808 quod
358 723 513 812 deceptor
529 725 683 807 audiens,
705 725 885 811 increpavit
898 748 974 788 eum
993 726 1049 790 di·

249 873 325 914 cens
347 875 388 915 ne
408 853 546 941 amplius
568 855 629 918 tale
647 853 727 942 quid
743 853 783 916 de
798 875 837 915 eo
853 852 976 916 diceret
995 854 1047 916 vel
1120 858 1127 874 ⁶

249 978 382 1043 adeum
396 981 538 1064 veniret,
562 982 652 1069 quod
671 982 698 1045 si
721 982 857 1062 faceret,
877 1004 988 1070 poenas
1007 1005 1047 1045 ex

249 1117 366 1181 merito
384 1119 518 1183 subiret
535 1119 663 1184 Auditis
680 1119 776 1182 minis
794 1118 879 1183 illius
894 1122 951 1207 qui
970 1145 1046 1185 eum
1110 1198 1112 1202 Ι

250 1253 436 1343 deceperat,
445 1260 542 1324 tristis
550 1260 647 1348 coepit
655 1258 780 1340 redire,
792 1260 866 1322 etin
876 1260 1046 1324 redeundo

249 1394 393 1458 obviavit
408 1395 540 1461 cuidam
549 1395 663 1459 vetulae
678 1396 793 1482 pannis
803 1396 1047 1461 heremitalibus

251 1522 384 1587 indutae.
398 1527 476 1588 Haec
490 1541 598 1588 autem
615 1524 733 1588 baculo
744 1545 803 1586 suo
820 1524 948 1611 fragiles
960 1542 1047 1588 artus

252 1655 467 1734 sustentabat,
483 1670 515 1716 et
530 1655 685 1740 perviam
698 1652 861 1716 laudando
878 1655 985 1717 Deum
999 1655 1049 1717 la·

250 1780 343 1870 pides
363 1805 404 1845 ne
417 1782 655 1846 transeuntium
671 1781 771 1868 pedes
789 1780 987 1846 laederentur
998 1784 1049 1845 lo·

251 1912 354 1975 cabat.
371 1914 451 1994 Quae
460 1911 575 1976 videns
587 1911 756 1973 hominem
767 1908 914 1990 flentem,
929 1932 1052 1998 cogno·

250 2043 298 2105 vit
310 2065 388 2133 cum
399 2065 469 2106 esse
485 2058 684 2105 extraneum.
701 2042 871 2104 Commota
883 2041 1000 2126 pietate
1015 2040 1049 2100 in

251 2172 457 2260 angiportum
472 2171 600 2234 vocavit
613 2186 646 2233 et
662 2168 743 2255 quid
763 2170 793 2231 ei
811 2167 982 2232 accidisset
996 2167 1049 2229 in·

251 2301 433 2388 terrogavit
448 2299 558 2362 atille
574 2298 723 2361 ordinate
735 2297 884 2360 narravit.
904 2296 1049 2360 Foemina

253 2430 369 2494 auditis
386 2430 493 2493 verbis
515 2429 584 2507 ejus
609 2427 716 2512 inquit
740 2450 748 2489 :
770 2427 903 2505 Amice,
926 2425 954 2488 si
974 2448 1051 2488 vera

254 2573 330 2622 sunt
345 2579 417 2643 quae
430 2556 586 2636 retulisti,
602 2555 704 2618 feram
717 2555 776 2618 tibi
793 2553 869 2616 inde
881 2555 1050 2617 auxilium.

253 2688 295 2750 Et
312 2687 364 2749 ille
381 2709 389 2748 t
407 2684 582 2767 Quomodo
601 2702 691 2773 potes
707 2686 772 2748 hoc
791 2685 916 2764 facere,
937 2683 1053 2746 ancilla

252 2815 338 2883 Dei?
359 2816 403 2879 At
422 2814 475 2877 illa
495 2814 620 2900 inquit:
644 2812 763 2876 Adduc
780 2814 862 2876 mihi
883 2813 1053 2877 hominem

254 2946 296 3009 de
314 2935 468 3011 terra'tua
486 2944 579 3022 cujus
596 2943 687 3006 factis
706 2959 738 3005 et
755 2941 849 3005 dictis
874 2941 971 3004 fidem
991 2943 1052 3004 ha·

253 3077 332 3139 bere
346 3075 460 3164 possis.
474 3075 518 3138 At
537 3073 590 3137 ille
602 3071 747 3135 adduxit.
764 3072 905 3135 Demum
924 3069 1057 3158 decepti

255 3206 343 3268 socio
368 3203 521 3291 praecepit
545 3201 659 3264 decem
683 3200 789 3262 cofros
812 3198 951 3262 externis
976 3221 1059 3286 pre-

257 3333 343 3394 tiosis
363 3333 508 3419 depictos
528 3331 712 3410 coloribus,
732 3345 827 3415 atque
854 3331 940 3393 ferro
962 3328 1061 3393 dear-
