2286 4238
567 349 611 408 t»
634 331 675 398 28
697 351 741 408 ε

256 457 446 545 insipientis.
475 456 568 520 Alius
591 454 835 543 philosophus:
860 454 910 517 Ne
933 455 1058 520 habeas

254 599 315 666 pro
339 599 456 665 magno
477 576 652 640 amicitiam
672 575 781 655 stulti,
813 575 889 660 quia
911 596 980 638 nou
1008 593 1057 640 est

255 719 460 785 permanens.
477 695 569 758 Alius
585 695 800 782 philosophus
818 717 826 760 ε
843 695 982 758 Dulcior
1008 714 1057 760 est

255 817 392 903 sapienti
416 838 528 904 aspera
553 815 617 877 vita
646 816 731 878 inter
755 816 932 903 sapientes,
957 841 1056 904 quam

257 934 361 998 duleis
384 936 448 998 vita
466 936 551 998 inter
569 935 768 1022 insipientes.
790 936 882 1000 Alius
906 937 1055 1024 philoso-

254 1057 340 1144 phus
356 1079 363 1120 :
379 1058 548 1146 Sapientia
565 1057 639 1121 'duae
657 1075 734 1121 sunt
750 1059 894 1146 species,
915 1082 982 1122 una
998 1083 1056 1122 na·

255 1176 385 1258 turalis,
408 1177 507 1241 altera
524 1175 717 1259 artificialis,
738 1199 876 1263 quarum
899 1201 965 1240 una
989 1201 1056 1240 non

256 1314 362 1385 potest
379 1320 510 1361 manere
528 1298 598 1360 sine
614 1297 685 1360 alia.
705 1298 819 1361 Alius:
835 1299 885 1361 Ne
902 1298 1056 1362 commit-

255 1433 302 1480 tas
319 1418 423 1480 stultis
440 1419 649 1503 sapientiam,
667 1418 744 1505 quia
763 1420 808 1480 eis
824 1435 907 1482 esset
923 1419 1060 1498 injurio·

257 1558 350 1616 sum,
374 1559 480 1622 neque
497 1539 696 1624 sapientibus
710 1561 781 1600 eam
801 1536 960 1627 deneges,
981 1539 1058 1625 quia

258 1680 354 1719 suum
381 1674 429 1720 est
451 1659 496 1720 eis
522 1660 680 1722 conferre.
700 1648 793 1723 Alius
826 1683 834 1722 ε
858 1659 1059 1738 Hujusmodi

258 1776 343 1871 dona
362 1776 488 1840 diversa
510 1795 603 1859 sunt,
627 1779 823 1865 quibusdam
848 1780 936 1843 enim
961 1778 1058 1843 datur

258 1919 368 1960 rerum
384 1899 564 1986 possessio,
578 1897 774 1985 quibusdam
790 1900 956 1986 sapientia.
972 1900 1057 1982 Qui·

259 2016 334 2081 dam
349 2019 436 2082 enim
454 2019 593 2105 loquens
605 2019 671 2082 filio
683 2021 748 2082 ait:
767 2019 856 2102 Quid
872 2020 983 2083 malles
996 2020 1058 2084 tibi

257 2139 347 2221 dari,
374 2163 508 2204 censum
539 2163 579 2202 an
610 2141 824 2228 sapientiam?
853 2141 916 2204 Cui
943 2141 1056 2205 filius:

259 2260 386 2323 Horum
402 2259 572 2346 quodlibet
590 2259 653 2322 alio
672 2258 806 2347 indiget.
828 2260 904 2324 Fuit
923 2259 1058 2346 quidam

258 2381 385 2465 sapiens
403 2379 601 2445 versificator
614 2380 787 2474 egregius,
807 2377 866 2442 sed
883 2401 1007 2468 egenus
1027 2397 1060 2443 et
1088 2413 1096 2422 ·

259 2499 448 2582 mendicus,
465 2501 648 2589 semperde
666 2517 854 2589 paupertate
871 2524 929 2564 sua
945 2501 1058 2567 amicis

261 2642 481 2705 conquerens,
496 2620 537 2684 de
550 2644 614 2706 qua
626 2621 722 2684 etiam
732 2644 843 2684 versus
856 2623 1057 2708 composuit,

258 2741 356 2805 talem
371 2764 502 2805 sensum
517 2743 754 2829 exprimentes:
769 2745 822 2807 Tu
838 2744 895 2830 qui
908 2745 1057 2829 partiris,

258 2876 403 2924 monstra
419 2883 478 2923 eur
487 2883 560 2948 pars
575 2883 647 2924 mea
663 2862 745 2924 mihi
757 2861 849 2926 desit.
868 2863 1061 2950 Culpaudus

258 3007 324 3046 non
347 3006 399 3063 es,
418 2981 476 3044 sed
491 2982 543 3045 dic
557 2983 749 3068 mihiquem
764 2983 921 3071 culpabo,
942 3006 1017 3047 nam
1032 2985 1059 3047 si

258 3104 458 3168 constellatio
475 3127 547 3166 mea
563 3119 610 3166 est
626 3104 707 3166 mihi
724 3103 825 3185 dura,
846 3122 907 3169 ate
926 3120 1059 3192 quoqu'e

258 3226 430 3290 cdfactum
445 3249 513 3291 esse
529 3224 745 3320 indubitabile
757 3240 813 3289 est.
826 3223 890 3289 Sed
907 3226 991 3288 inter
1006 3250 1061 3290 me

259 3346 402 3434 idipsam
412 3364 447 3410 tu
461 3364 569 3410 orator
584 3363 616 3409 et
623 3344 725 3424 judex
733 3367 776 3410 es.
786 3345 838 3409 Tu
846 3327 1062 3410 dedistimihi
