2286 4238
467 345 510 399 β
536 330 596 391 116
617 340 660 398 Q
750 412 754 417 Ι

163 444 206 511 ud
214 447 375 511 civitatem
386 449 596 534 promittebat
605 448 854 536 compendium.
868 452 969 515 Inve-

165 569 273 632 nimus
286 592 397 632 senem
416 591 435 630 a
454 591 520 655 quo
539 568 768 655 requisivimus
787 567 830 632 de
847 570 968 634 itinere

165 687 250 751 illius
272 688 418 752 semite:
438 704 471 750 at
486 709 585 751 senex
600 688 646 750 ait
664 709 675 751 z
695 687 834 775 Propius
850 690 969 752 semita

167 808 259 873 ducit
273 809 315 873 ad
327 811 488 873 civitatem
499 831 596 895 quam
610 830 724 896 magna
734 808 805 893 via,
816 825 968 873 ettamen

168 928 262 992 citius
279 951 338 1016 per
347 951 496 1016 magnam
510 929 595 991 viam
604 926 646 990 ud
656 927 818 990 civitatem
827 929 967 992 venietis

168 1069 266 1133 quam
281 1070 340 1135 per
358 1048 516 1112 semitam.
532 1049 609 1111 Hoee
622 1045 790 1110 audientes
802 1047 899 1110 illum
908 1070 968 1136 pre

169 1167 268 1229 stulto
293 1167 485 1247 habuimus,
509 1183 543 1229 et
561 1188 710 1253 magnam
726 1166 812 1229 viam
833 1183 969 1254 prseter-

171 1287 333 1350 mittentes
352 1287 472 1349 semitae
489 1284 738 1366 declinavimus,
753 1307 852 1372 qtmm
872 1287 969 1350 insis-

172 1420 275 1469 tentes
300 1404 342 1467 ad
361 1403 526 1468 dexteram
545 1421 577 1467 et
599 1403 640 1466 ad
663 1405 827 1469 sinistrum
848 1422 972 1492 quante

174 1522 237 1585 suit
252 1546 317 1586 nox
331 1523 570 1603 deerravimus,
585 1546 646 1586 nec
655 1523 696 1586 ad
713 1523 878 1588 civitatem
893 1518 970 1612 per·

176 1645 336 1707 venimus.
351 1646 395 1707 At
404 1644 433 1707 si
446 1667 505 1731 per
520 1645 633 1709 callem
648 1645 883 1727 tendissemus,
896 1666 974 1734 pre·

176 1761 231 1824 cul
249 1762 353 1827 dubio
372 1764 478 1827 media
495 1782 589 1829 nocte
604 1766 765 1828 civitatem
786 1765 973 1831 subintras-

176 1903 296 1945 semus.
946 1874 949 1879 ⁴

224 2002 318 2069 Pater
333 2005 374 2068 ad
392 2005 461 2068 haec
478 2027 485 2067 :
506 2005 577 2066 Hoc
593 2003 689 2066 nobis
699 2004 762 2066 alia
779 2005 852 2068 vice
864 2007 976 2070 evenit

175 2153 252 2194 eum
268 2147 477 2216 pergeremus
492 2146 551 2210 per
566 2146 714 2210 magnam
731 2124 817 2186 viam
834 2124 876 2187 ed
891 2126 975 2189 eivi-

176 2242 650 2314 tatem.Praeeratn0bisfluvius
657 2266 755 2329 quem
763 2267 976 2333 quocumque

178 2366 276 2430 modo
295 2363 459 2427 transituri
478 2383 604 2424 eramus
618 2377 790 2446 antequam
810 2363 976 2427 civitatem

180 2487 389 2562 intraremus,
412 2482 524 2567 sicque
549 2480 642 2541 nobis
664 2479 725 2542 iter
743 2482 917 2569 agentibus
939 2484 976 2546 in

181 2600 260 2663 duas
283 2615 387 2686 partes
412 2614 499 2660 secta
520 2614 568 2660 est
586 2598 657 2677 viu,
686 2621 824 2684 quarum
845 2623 913 2664 una
935 2602 979 2667 ad

180 2717 341 2813 civitatem
349 2738 408 2802 per
416 2713 546 2793 vadum,
557 2716 654 2778 altera
665 2739 723 2803 per
734 2732 868 2803 pontem
879 2717 982 2783 duce·

178 2839 394 2903 batDemum
405 2834 578 2921 quemdam
590 2858 701 2899 senem
715 2835 857 2900 vidimus
875 2861 980 2924 quem

179 2959 220 3023 de
238 2957 365 3022 duabus
381 2955 441 3018 viis
458 2977 529 3040 quae
542 2956 633 3042 prius
652 2954 787 3018 duceret
804 2954 846 3017 ad
860 2958 980 3024 eivita-

178 3096 243 3143 tem
260 3075 540 3164 interrogavimus.
558 3075 662 3137 Senex
681 3074 751 3136 ait:
773 3074 910 3140 Brevior
932 3096 984 3145 est

177 3201 229 3262 via
246 3221 305 3287 per
318 3196 440 3260 vadum
451 3195 493 3259 ad
507 3194 668 3258 civitatem
684 3192 814 3256 duobus
829 3195 982 3264 miliariis

177 3339 275 3404 quam
300 3317 351 3379 via
376 3338 436 3402 per
466 3329 620 3402 pontem,
652 3311 710 3375 sed
741 3328 848 3376 tamen
879 3315 983 3382 citius
