2286 4238
478 361 522 418 9
544 343 586 410 38
609 360 653 415 ε

168 461 262 523 cebat
274 482 334 548 pro
349 458 464 523 inertia
476 481 534 522 sua
548 458 763 546 incognitum.
778 459 848 521 Rex
861 472 970 523 tumen

167 593 358 643 convertens
372 601 406 642 se
421 578 462 642 ad
481 577 734 643 versificatorem
750 579 817 643 ait:
835 579 920 642 Volo
935 597 973 644 ut

166 699 291 765 iudices
304 699 386 764 mihi
395 715 521 788 patrem
532 715 636 764 mum.
649 701 693 762 At
704 698 756 762 ille
771 699 835 762 sibi
848 699 972 764 indicass

167 820 221 884 vit
229 818 390 907 Cognovit
399 818 498 907 igitur
510 841 567 882 rex
580 819 656 905 quia
669 835 760 906 pater
770 819 840 898 ejus
852 819 925 882 vilis
939 836 972 882 et

169 939 427 1028 indisciplinatus
441 955 518 1020 erat,
533 956 566 1003 et
581 940 625 1003 ait
635 939 735 1021 servis
747 939 831 1004 suis:
845 941 969 1004 Demus

168 1057 247 1122 huic
261 1057 302 1121 de
315 1059 415 1122 rebus
429 1059 563 1138 nostris,
577 1058 732 1143 quianon
750 1057 934 1146 degenerat.

211 1181 314 1244 Arabs
337 1180 382 1244 ait
400 1181 484 1268 patri
500 1201 560 1242 suo
578 1202 586 1241 τ
604 1179 709 1242 Miror
727 1201 780 1243 me
800 1178 916 1268 legisse
935 1183 969 1243 iu

168 1303 370 1390 temporibus
386 1301 553 1389 praeteritis
568 1301 694 1364 nobiles
708 1301 828 1365 facetos
840 1304 969 1390 sapien·

168 1439 214 1486 tes
226 1423 395 1503 honorari,
411 1422 510 1485 modo
520 1445 599 1484 vcro
611 1422 671 1484 soli
681 1423 887 1486 honorantur
900 1423 968 1488 lec·

165 1543 301 1605 catores.
311 1541 365 1605 Ad
374 1541 464 1629 quod
475 1559 566 1629 pater
579 1564 586 1605 :
599 1541 649 1606 Ne
662 1542 804 1623 mireris,
816 1541 878 1626 fili,
893 1545 970 1631 quia

169 1660 279 1722 clerici
304 1660 456 1742 clericos,
483 1662 632 1750 generosi
656 1685 848 1751 generosos,
874 1662 971 1727 faceti

168 1780 287 1843 facetos
311 1781 490 1862 honorant,
514 1781 690 1845 leccatores
709 1804 729 1844 a
753 1782 970 1847 leccatoribus

168 1918 373 1966 venerantur.
388 1902 490 1966 Filius
509 1927 516 1966 :
532 1902 609 1967 Vidi
625 1919 658 1966 et
672 1901 780 1984 aliud,
795 1902 886 1990 quod
903 1904 970 1966 cle·

167 2022 227 2085 rici
258 2046 318 2111 pro
344 2024 499 2111 sapientia
523 2046 582 2086 sua
604 2045 669 2086 non
693 2039 771 2086 sunt
791 2023 970 2104 honorati,

168 2143 256 2206 unde
279 2145 356 2209 facti
377 2162 454 2208 sunt
476 2144 672 2225 leccatores,
699 2142 791 2207 etad
813 2166 970 2233 magnum

167 2284 285 2326 venere
308 2264 479 2328 honorem.
502 2265 596 2327 Tunc
617 2280 709 2351 pater
729 2266 775 2327 ait
793 2263 840 2326 illi
862 2286 869 2326 :
898 2263 969 2327 Hoc

168 2384 302 2469 quidem
329 2387 391 2449 hac
416 2387 532 2451 inertia
561 2387 715 2474 temporis
741 2384 886 2472 contigit.
917 2383 971 2449 Ad

168 2501 257 2589 q-uod
272 2501 377 2569 filius:
393 2504 544 2569 Edissere
562 2505 661 2586 mihi,
677 2521 772 2592 pater
785 2504 970 2585 carissime,

166 2645 284 2686 veram
306 2624 481 2687 nobilitatis
509 2624 747 2689 diffinitionem.
779 2625 822 2688 At
847 2613 970 2712 pater:

166 2746 226 2824 Ut,
248 2743 355 2829 inquit
377 2745 564 2808 Aristoteles
583 2747 617 2807 iu
634 2746 769 2834 epistola
789 2768 846 2808 sua
871 2767 969 2832 quam

166 2865 351 2930 Alexandro
361 2868 430 2956 regi
440 2869 637 2955 composuit,
649 2868 810 2948 meminit,
822 2867 879 2953 qui
892 2870 972 2931 cum·

168 2989 209 3052 ab
228 3011 268 3052 eo
281 3005 440 3076 quaereret
453 3011 554 3075 quem
563 2989 627 3052 sibi
640 3012 679 3052 ex
691 2987 882 3051 hominibus
893 3009 972 3050 con·

169 3108 325 3173 siliarium
349 3110 485 3191 faceret,
505 3110 610 3172 taliter
630 3132 689 3198 per
709 3108 877 3196 epistolam
897 3129 968 3171 res·
1009 3171 1012 3178 ,

168 3229 293 3315 pondit.
305 3231 444 3317 Accipe,
460 3231 520 3310 ait,
537 3230 633 3294 talem
646 3231 703 3317 qui
713 3245 837 3315 septem
847 3226 975 3290 libera·'

170 3348 254 3412 libus
273 3351 395 3415 artibus
406 3352 446 3420 sit
456 3353 649 3433 instructus,
663 3349 831 3416 industriis
844 3364 969 3435 septem
