2286 4238
570 353 612 410 ῥ
640 336 698 399 138
721 356 765 413 Q

270 456 323 521 die
338 451 417 518 dum
431 456 464 516 in
479 476 539 516 suo
556 454 704 543 fatigatus
715 459 898 544 quiesceret
908 463 1075 546 pomerio,

269 573 417 662 quaedam
444 574 569 638 avicula
595 598 694 667 super
726 578 876 640 arborem
907 580 1073 645 cantando

267 693 500 758 delectabiliter
526 693 620 757 sedit.
646 697 753 776 Quam
777 712 815 759 ut
837 696 920 760 vidit
941 715 975 762 et
999 700 1071 779 ejus

267 832 398 879 cantum
419 813 559 894 audivit,
586 813 754 900 deceptam
775 815 893 901 laqueo
917 820 1069 905 sumpsit

266 935 319 998 Ad
335 956 433 1021 quem
449 934 536 996 avis:
557 934 623 995 Cur
635 949 760 997 tantum
778 935 931 998 laborasti
946 959 999 1001 me
1016 961 1069 1002 ca·

265 1079 359 1144 pere,
378 1055 428 1118 vel
447 1054 536 1141 quod
558 1053 742 1142 proficuum
760 1056 795 1117 iu
820 1078 892 1119 mea
912 1059 1067 1145 captione

265 1178 398 1281 sperasti
412 1175 555 1239 habere?
569 1175 621 1238 Ad
634 1176 703 1238 haec
715 1176 817 1239 homo
832 1199 840 1239 :
859 1177 934 1240 Solo
950 1196 1069 1243 cantus

265 1313 339 1361 tuos
361 1297 475 1360 audire
504 1296 611 1383 cupi0.
637 1295 699 1358 Cui
722 1295 789 1357 avis
814 1318 822 1357 ε
851 1296 914 1358 Pro
939 1297 1066 1381 nihilo,

266 1418 342 1504 quia
357 1441 418 1480 nec
434 1438 531 1505 prece
552 1438 613 1478 nec
632 1415 736 1502 pretio
755 1417 902 1479 cantabo.
926 1417 970 1479 At
991 1417 1066 1483 ille:

264 1537 337 1600 Nisi
357 1537 534 1600 cantaveris
550 1552 579 1598 te
596 1534 777 1598 comedam.
795 1536 836 1597 Et
854 1536 920 1597 avis
939 1558 946 1598 :
968 1537 1065 1618 Quo·

264 1653 364 1716 modo
379 1651 552 1716 comedes?
568 1652 600 1715 Si
615 1650 796 1714 comederis
812 1667 937 1715 cocum
956 1675 1063 1739 aqua,

264 1771 345 1860 quid
360 1771 481 1834 valebit
501 1770 568 1833 avis
586 1787 650 1832 tam
667 1769 784 1856 parva?
803 1771 844 1834 Et
866 1771 963 1833 etiam
985 1795 1064 1836 caro

264 1890 470 1980 erithispida.
480 1891 512 1954 Si
524 1907 624 1954 assata
637 1913 708 1970 ero,
720 1889 822 1953 multo
833 1891 941 1954 minor
950 1891 1064 1976 fuer05

263 2015 320 2078 sed
334 2015 361 2077 si
373 2036 425 2076 me
435 2013 524 2076 abire
535 2011 713 2092 dimiseris,
729 2035 879 2100 magnam
888 2013 1064 2078 utilitatem

262 2136 480 2222 consequeris.
505 2136 549 2197 At
568 2133 621 2195 ille
645 2149 756 2196 contra
777 2156 784 2196 ε
810 2133 941 2215 Quam?
958 2136 1062 2201 Avis:

262 2256 440 2319 Ostendam
456 2256 516 2318 tibi
533 2270 596 2316 tres
613 2254 771 2341 sapientes
798 2254 956 2318 manerias
980 2279 1063 2341 quas

261 2377 389 2454 majoris
413 2375 508 2461 pretii
527 2374 623 2437 facies
644 2395 742 2458 quam
759 2373 858 2457 trium
880 2373 1062 2443 vitulorum

261 2520 383 2559 carnes.
405 2498 448 2558 At
468 2497 520 2557 ille
542 2518 676 2558 securus
697 2495 848 2580 promissi
865 2517 958 2558 avem
978 2513 1060 2585 per·

261 2617 349 2680 misit
361 2617 460 2678 abire.
480 2615 541 2677 Cui
560 2615 625 2676 avis
639 2615 702 2676 ait:
722 2615 832 2675 Unum
850 2629 898 2676 est
917 2614 958 2677 de
976 2640 1059 2704 pro·
1100 2662 1102 2666 -

261 2735 382 2813 missis,
393 2755 434 2795 ne
444 2731 556 2794 eredas
568 2733 721 2793 omnibus
731 2731 826 2794 dictis
836 2756 845 2811 3
855 2731 1058 2818 secuudum,

260 2854 349 2942 quod
369 2869 463 2915 tuum
481 2852 543 2913 erit
565 2873 693 2937 semper
710 2851 814 2930 habe3
838 2853 989 2935 tertium,
1015 2878 1058 2920 ne

258 2978 366 3041 doleas
384 2974 425 3037 de
442 2973 576 3036 amissis.
601 2974 672 3034 Hoc
690 2972 795 3052 dicto,
816 2973 941 3036 avicula
955 2978 1057 3042 arbo.

255 3119 325 3159 rem
339 3092 530 3158 conscendit
539 3107 571 3154 et
584 3090 673 3153 dulci
686 3113 803 3152 canore
818 3089 928 3153 dicere
944 3096 1056 3183 caepit:

255 3215 448 3278 Benedictus
460 3212 620 3276 Dominus
638 3211 695 3296 qui
709 3226 840 3273 tuorum
853 3211 958 3274 aciem
971 3236 1056 3277 ocu·

240 3325 241 3329 ¹
254 3333 362 3395 lorum
374 3332 489 3396 elausit
497 3347 530 3394 et
539 3330 728 3417 sapientiam
738 3329 883 3412 abstulit,
896 3333 1056 3418 quoniam
