2286 4238
590 363 633 421 b
655 351 698 425 42
721 360 764 419 ι

276 469 481 536 astronomia.
507 469 556 532 De
582 468 720 556 septima
742 487 830 530 vero·
841 465 977 529 diversae
1003 482 1081 529 sunt

274 584 492 674 plurimorum
511 581 676 644 sententiae
695 602 843 667 quaenam
861 581 918 659 sit,
937 579 1082 666 philoso-

274 699 333 786 phi
352 699 410 785 qui
429 694 604 784 prophetas
624 717 690 757 non
710 710 891 772 sectantur,
915 692 1008 755 aiunt
1027 693 1080 754 ni·

275 809 490 899 gromantiam
503 829 572 870 esse
583 807 763 894 septimam.
774 805 885 892 Aliqui
897 828 937 868 ex
948 804 1010 868 illis
1023 807 1081 892 qui

274 921 453 1011 prophetiis
480 937 513 983 et
529 904 749 1008 philosophiae
776 919 934 1000 credunt,
963 919 1082 983 nolunt

276 1057 345 1099 esse
356 1034 524 1098 scientiam
535 1056 607 1121 quae
618 1055 669 1096 res
679 1032 841 1095 naturales
853 1033 905 1096 vel
920 1033 1081 1096 elementa

275 1147 441 1212 mundana
453 1145 617 1235 praecellit.
634 1144 777 1227 Quidam
794 1145 851 1232 qui
864 1145 1082 1234 philosophiae

275 1285 343 1326 non
364 1260 517 1350 student,
544 1260 788 1348 grammaticam
813 1280 883 1321 esse
906 1257 1080 1323 affirmant.

275 1375 456 1439 Probitates
472 1396 551 1436 vero
571 1374 621 1435 hae
642 1387 739 1435 sunt:
761 1372 927 1458 equitare,
949 1389 1081 1454 natare,

274 1488 442 1575 sagittare,
466 1485 610 1549 cestibus
638 1501 782 1565 certare,
804 1488 987 1572 aucupare,
1007 1508 1081 1548 sca·

275 1601 346 1664 chis
370 1599 504 1680 ludere,
529 1597 715 1661 versificari.
742 1597 914 1662 industriae
941 1617 1082 1663 suntne

274 1713 316 1775 sit
338 1734 454 1792 vorax,
476 1726 620 1798 potator,
646 1712 851 1794 luxuriosus,
877 1713 1081 1797 vinolentus,

262 1822 432 1903 mendax,
455 1846 569 1886 avarus
589 1841 621 1886 et
644 1822 686 1887 de
709 1825 792 1887 mala
820 1827 1080 1890 conversatione.

274 1937 461 2024 Discipulos
475 1959 483 1999 :
497 1938 569 2000 Hoc
586 1954 732 2025 tempore
745 1956 826 2027 puto
843 1941 1010 2003 neminem
1022 1940 1083 2003 hu·

267 2049 416 2130 jusmodi
436 2072 515 2114 esse.
533 2052 683 2114 Correxit
705 2051 838 2138 quidam
862 2055 1082 2142 philosophus

274 2162 378 2226 lilium
392 2185 507 2227 suum:
521 2166 606 2227 Cave
619 2163 847 2247 mendacium,
860 2168 938 2253 quia
947 2167 1088 2239 dulcius,

274 2292 324 2339 est
341 2300 438 2340 carne
449 2278 664 2359 voluchrum,
679 2301 756 2340 cum
767 2277 836 2340 aliis
851 2278 921 2342 leve
936 2280 979 2343 sit
991 2302 1082 2344 men·

275 2389 407 2453 dacium
425 2390 588 2477 prolerre,
611 2414 711 2477 quare
729 2390 859 2454 videtur
873 2415 971 2479 grave
989 2394 1079 2455 veri-

273 2517 372 2562 tatem
395 2499 514 2564 dicere.
534 2503 626 2566 Alius
645 2503 886 2591 philosophus:
910 2505 944 2568 si
969 2503 1081 2568 dicere

276 2628 402 2675 metuas
419 2613 508 2676 unde
519 2616 691 2700 poeniteas,
709 2616 825 2679 melius
843 2634 891 2680 est
899 2640 1083 2703 numquam

276 2723 385 2787 dicere
394 2724 645 2789 sicverecundia
659 2728 810 2816 negandi,
822 2752 899 2792 cave
912 2752 954 2791 ne
965 2730 1085 2796 inferat

274 2837 336 2903 tibi
344 2838 565 2901 necessitatem
574 2841 763 2924 mentiendi,
773 2844 848 2930 quia
855 2845 1024 2908 honestius
1035 2862 1085 2909 est

273 2973 344 3015 rem
352 2973 469 3039 negare
478 2973 576 3038 quam
585 2951 698 3041 longos
709 2957 864 3019 terminos
874 2955 1061 3021 dare.Alius
1073 2980 1082 3020 ε

274 3065 302 3128 si
322 3043 493 3127 mendacio
511 3063 650 3150 quilibet
673 3068 828 3150 salvatur,
853 3069 956 3133 multo
979 3071 1080 3159 magis

256 3178 407 3242 *veritate
428 3194 585 3242 servatur.
