2286 4238
550 331 594 389 b
617 340 655 402 72
679 327 723 384 ἢ

243 458 360 532 posset.
380 439 509 504 Invenit
525 438 656 502 tandem
673 439 819 526 exiguam
838 441 1039 520 naviculam,

142 646 145 653 ¹
245 580 277 627 et
302 561 488 626 necessitate
512 576 641 623 coactus
666 557 746 622 duas
769 582 845 623 oves
867 560 1040 649 imponens

244 705 360 771 aquam
379 681 513 746 transiit.
543 680 601 743 llis
620 679 713 743 dictis
733 680 891 744 fabulator
913 684 1041 751 obdor-

245 801 346 867 mivit.
363 799 433 863 Rex
446 797 607 885 siquidem
622 797 713 860 illum
732 799 872 862 excitans
890 817 927 864 ut
942 803 1040 867 labu-

244 925 307 988 lam
317 944 414 1011 quam
427 922 592 1007 inceperat
610 918 734 999 finiret,
752 920 964 984 commonuit.
977 925 1039 987 Fa-

246 1044 373 1110 bulator
389 1040 528 1105 adhoc:
545 1040 677 1103 Fluctus
693 1039 745 1102 ille
755 1061 891 1128 magnus
906 1058 971 1124 est,
986 1065 1044 1106 na·

245 1163 352 1228 vicula
373 1178 481 1225 autem
496 1159 644 1239 minima,
667 1176 700 1222 et
718 1181 796 1247 grex
814 1160 924 1223 ovium
945 1161 1044 1227 innu-

247 1282 427 1363 merabilis,
445 1282 595 1369 permitte
614 1302 690 1372 ergo
704 1278 926 1366 supradictum
941 1285 1042 1346 rusti·

247 1426 323 1468 oum
348 1425 422 1466 suas
444 1400 616 1464 transferre
642 1411 739 1482 oves,
761 1416 794 1464 et
815 1423 912 1488 quam
933 1403 1044 1492 incepi

247 1522 388 1587 fabulam
403 1520 444 1584 ad
460 1519 559 1582 finem
574 1519 761 1606 perducam.

289 1642 316 1705 F
316 1638 463 1703 abulator
477 1638 597 1701 etenim
613 1639 677 1701 hoe
695 1635 794 1701 modo
809 1659 919 1726 regem
930 1640 1042 1728 longas

247 1757 360 1845 audire
380 1758 504 1823 fabulas
526 1759 715 1846 gestientem
732 1756 922 1846 pacificavit
942 1759 1043 1840 Quod

247 1882 275 1944 si
290 1880 427 1968 amplius
442 1901 494 1942 me
510 1878 672 1967 praedictis
685 1880 782 1943 etiam
793 1877 855 1941 alia
870 1878 1042 1943 subtexere

248 2001 463 2090 compuleris,
482 2001 549 2080 jam
571 1998 650 2064 dicti
665 1997 817 2088 praesidio
834 1998 974 2086 exempli
990 2022 1044 2062 me

248 2121 427 2186 deliberare
447 2121 601 2184 conabor.
621 2120 828 2207 Discipulus:
846 2119 979 2182 Dictum
994 2138 1045 2182 est

248 2245 281 2306 in
294 2242 433 2330 antiquis
448 2241 630 2331 proverbiis
642 2238 732 2334 quod
744 2263 811 2303 non
824 2238 938 2302 eadem
954 2263 1045 2303 com·

249 2362 427 2448 punctione
442 2359 530 2424 dolet
546 2361 604 2448 qui
612 2382 674 2448 pro
685 2359 877 2423 muneribus
893 2358 1043 2422 lacrima-

249 2495 319 2560 tur,
338 2497 371 2543 et
382 2481 440 2565 qui
451 2481 503 2543 sui
515 2481 660 2568 eorporis
675 2478 784 2542 dolere
796 2494 957 2568 gravatim.
974 2479 1006 2542 N
1007 2503 1043 2542 e·

249 2621 314 2685 que
334 2622 443 2686 regem
459 2599 543 2690 adeo
557 2600 670 2665 dilexit
683 2601 842 2665 fabulator
857 2600 943 2663 sieut
955 2617 989 2664 et
1008 2618 1045 2664 tu

250 2740 302 2780 me
314 2716 431 2806 diligis
449 2719 562 2784 Voluit
576 2722 664 2786 enim
680 2721 796 2786 fabulis
812 2720 878 2784 suis
890 2742 967 2783 eum
983 2720 1043 2783 ali·

249 2854 407 2927 quantum
424 2837 599 2923 seducere,
618 2841 677 2906 sed
689 2842 853 2931 praelibata
870 2839 1045 2904 mulierum

250 2957 378 3046 ingenia
389 2959 506 3047 pande.
521 2959 683 3048 Magister.
