2286 4238
593 352 765 430 ›74‹

534 660 723 727 FABL‘LA
748 660 817 727 xl.

324 954 454 1017 Dictum
467 968 515 1015 est
529 950 765 1038 quodquidam
782 952 900 1015 nobilis
917 953 1075 1040 progenie

278 1072 413 1135 haberet
434 1094 568 1134 uxorem
588 1086 708 1133 castam
729 1070 868 1133 nimium
891 1088 924 1133 et
949 1072 1074 1135 formo·

278 1214 357 1253 sam.
386 1192 529 1278 Contigit
559 1190 641 1252 forte
668 1188 758 1274 quod
786 1189 941 1252 orationis
967 1190 1076 1253 studio

280 1312 416 1371 Riimam
437 1309 532 1373 teliet
554 1308 662 1387 adire,
690 1308 750 1371 secl
777 1310 877 1371 alium
903 1311 1074 1373 custodem

278 1434 388 1495 uxoris
402 1454 468 1493 sun·
486 1432 546 1492 nisi
559 1432 763 1516 semetipsam
781 1431 885 1494 noluit
901 1431 1075 1519 deputare,

278 1550 362 1612 iliius
379 1550 474 1611 canis
494 1548 641 1609 moribus
659 1548 734 1610 satis
751 1548 893 1611 confisus
913 1566 946 1613 et
960 1551 1074 1635 probi·

278 1670 348 1731 tatis
367 1669 502 1729 honore.
525 1668 616 1729 Uxor
629 1690 707 1729 vero
723 1684 809 1730 caste
826 1668 967 1731 virendo
990 1686 1022 1732 et
1043 1673 1076 1731 in

277 1786 430 1847 (amnibus
452 1783 631 1871 prudenter
648 1807 746 1871 agens
763 1787 926 1849 remansit.
947 1788 1080 1850 Accidit

279 1902 409 1967 tandein
432 1902 522 1989 quod
546 1904 736 1967 necessitate
756 1906 924 1991 compulsa
942 1930 960 1967 a
978 1905 1078 1969 domo

277 2048 334 2089 sua
353 2024 483 2111 propria
496 2045 588 2085 suam
605 2040 805 2087 conventura
823 2025 962 2087 vicinam
980 2048 1077 2113 egre·

279 2144 430 2213 deretur.
458 2168 530 2231 qua
560 2162 689 2231 peracto
719 2145 850 2231 negotio
875 2145 917 2208 ad
945 2149 1079 2233 propria

279 2268 444 2331 remearit.
476 2268 583 2348 Quam
613 2266 742 2345 juvenis
765 2284 928 2353 aspectam
951 2267 1080 2332 ardenti

278 2410 390 2451 amnre
410 2386 546 2475 diligere
566 2388 679 2475 coepit,
700 2403 733 2449 et
756 2386 797 2449 ad
823 2410 894 2449 cam
919 2388 1079 2474 plurimos

279 2508 397 2573 «linxit
421 2508 582 2587 nuncios,
613 2510 749 2595 cupiens
773 2508 815 2571 ab
841 2508 894 2571 ilia
919 2527 1079 2596 quantum

276 2628 405 2691 amabat
420 2627 532 2690 amari.
547 2627 678 2709 Quibus
691 2630 886 2717 contemptis
899 2652 975 2692 eum
989 2633 1081 2716 peni·

276 2764 328 2811 tua
344 2748 475 2835 sprevit.
498 2748 632 2811 Iuvenis
646 2772 725 2813 cum
738 2773 774 2813 sc
787 2751 835 2813 sic
852 2766 1080 2838 contemptum

277 2866 426 2945 sentiret,
441 2864 554 2929 dolens
570 2864 654 2929 adeo
666 2865 809 2932 efficitur
821 2885 859 2931 ut
873 2869 975 2931 nimio
987 2855 1081 2933 infir·

204 2980 211 2994 ⁰
279 2985 396 3051 mitatis
412 3006 511 3047 onere
523 3002 725 3073 gravaretur,
743 2988 859 3073 saepius
876 3004 983 3050 tamen
1000 2989 1079 3053 illuc

278 3106 349 3169 ibat
370 3126 438 3191 quo
459 3102 626 3167 dominam
649 3126 810 3193 egressam
830 3104 970 3186 viderat,
991 3106 1078 3171 desi·

282 3220 399 3285 derans
408 3244 479 3285 eam
490 3223 681 3303 cortrenire,
694 3223 753 3287 secl
763 3246 968 3311 nequaquam
979 3226 1081 3289 valuit

279 3338 420 3405 efficere.
441 3341 504 3404 Cui
522 3366 588 3427 prae
605 3342 718 3407 dolore
735 3344 916 3409 lacrimanti
931 3344 967 3408 fit
981 3348 1077 3411 obvia
