2286 4238
593 333 640 389 'b
663 319 705 393 84
726 329 768 386 ἤ

286 437 372 500 exire
387 452 419 499 et
433 460 525 502 suam
543 437 741 501 voluntatem
760 438 898 525 explere.
919 439 1080 502 Dominus

285 578 362 620 vero
373 557 459 621 illius
472 558 706 647 philosophicis
719 558 785 638 jam
799 557 933 622 edoctus
949 559 1081 622 monitis

285 676 355 740 sine
368 677 445 742 dolo
457 679 565 742 nullos
577 701 646 742 esse
664 680 840 743 muliebres
859 695 968 762 actus,
983 681 1082 768 coepit

286 799 426 887 cogitare
445 798 526 886 quid
545 823 604 863 sua
625 801 744 879 conjux
762 816 899 864 strueret
918 801 1082 886 frequenti

286 937 320 985 et
333 921 496 985 cotidiana
508 923 692 1010 potatione,
713 922 804 1009 quod
821 939 858 985 ut
874 923 936 985 sub
953 922 1083 985 occulto

286 1059 423 1128 poneret
437 1065 472 1106 se
484 1041 576 1106 linxit
588 1045 716 1107 ebrium
734 1065 813 1106 esse.
830 1041 930 1121 Cujus
942 1042 990 1105 rei
1007 1065 1081 1104 rnu-

285 1158 347 1222 lier
357 1160 458 1223 inscia
466 1160 507 1224 dc
515 1161 600 1225 lecto
610 1178 705 1225 nocte
717 1184 931 1249 consurgens,
943 1161 1085 1249 perrexit

288 1278 330 1343 ad
350 1281 469 1344 ostium
492 1280 627 1361 domus,
645 1298 677 1344 et
695 1298 808 1369 aperto
827 1282 927 1343 exivit
943 1279 984 1343 ad
1000 1281 1082 1343 ami·

290 1422 376 1465 cum.
394 1401 453 1465 Vir
469 1419 578 1465 autern
593 1425 672 1466 suus
690 1403 724 1464 in
742 1401 872 1465 silentio
888 1400 992 1463 noctis
1008 1422 1083 1463 sua·

290 1520 375 1583 viter
383 1543 581 1610 consurgens
591 1570 600 1604 ,
610 1523 700 1586 venit
708 1521 749 1600 ad
762 1522 881 1585 ostium
895 1538 927 1583 et
937 1536 1084 1607 apertum

292 1639 421 1720 clausit,
439 1641 596 1722 firmavit,
609 1642 783 1705 fenestram
797 1638 961 1719 ascendit,
981 1627 1083 1702 stetit·

294 1780 357 1844 que
376 1760 423 1823 ibi
439 1760 544 1825 donec
561 1763 595 1825 in
618 1763 747 1826 camisia
768 1784 904 1825 uxorem
922 1782 1013 1822 suam
1030 1780 1083 1822 re·

291 1898 470 1947 vertentem
482 1885 578 1967 vidit,
594 1908 665 1972 quae
675 1885 811 1949 domum
821 1883 949 1947 rediens
966 1885 1085 1947 ostium

291 2002 439 2089 pulsavit.
456 2006 515 2069 Vir
534 2006 704 2071 mulierem
725 2029 816 2070 suam
833 2005 968 2069 audiens
990 2021 1022 2067 et
1040 2004 1087 2066 vi-

293 2121 390 2205 dens,
409 2148 448 2189 ac
468 2126 496 2189 si
517 2128 658 2192 nesciret
674 2126 882 2214 interrogavit
902 2126 973 2212 quis
993 2139 1085 2187 esset.

292 2242 337 2306 At
353 2243 422 2330 ipsa
442 2245 544 2332 culpae
570 2247 699 2309 veniam
716 2261 830 2333 petens
852 2261 885 2308 et
907 2265 1087 2329 numquam

291 2363 431 2449 amplius
452 2387 487 2427 se
514 2365 578 2428 hoc
607 2366 770 2430 facturum
792 2364 982 2451 promittens
1006 2362 1089 2424 nihil

295 2480 449 2567 profecit,
476 2483 534 2546 sed
555 2485 605 2547 vir
632 2484 733 2547 iratus
750 2485 795 2546 ait
815 2481 906 2570 quod
928 2505 998 2544 earn
1021 2503 1088 2543 non

296 2599 415 2662 intrare
431 2602 646 2688 permitteret,
669 2601 727 2666 sed
747 2625 816 2666 esse
833 2625 930 2665 suum
947 2601 1013 2664 suis
1029 2623 1088 2686 pa·

296 2721 443 2785 rentibus
460 2721 655 2787 ostenderet.
675 2726 719 2787 At
735 2723 804 2810 ipsa
818 2723 918 2811 magis
939 2738 971 2783 et
988 2721 1090 2807 magis

295 2840 436 2907 clamans
455 2841 538 2906 dixit
558 2843 647 2930 quod
668 2845 730 2907 nisi
749 2845 868 2908 ostium
886 2840 1089 2920 recluderet,

297 2964 330 3026 in
354 2981 491 3052 puteum
507 2965 565 3052 qui
585 2966 675 3045 juxta
692 2965 826 3028 domum
845 2979 914 3026 erat
930 2933 1043 3025 saliref
1058 2977 1092 3023 et

298 3087 341 3147 ita
352 3085 449 3150 vitam
464 3084 586 3168 liniret,
606 3087 717 3173 sicque
733 3083 775 3148 de
792 3100 895 3148 morte
907 3106 966 3147 sua
979 3080 1091 3146 amicis

268 3198 276 3213 ’
298 3222 332 3269 et
343 3207 534 3295 propinquis
545 3206 703 3271 rationem
714 3203 876 3268 redderet.
891 3203 1012 3290 Spretis
1027 3201 1091 3264 mi-

299 3325 350 3388 nis
367 3326 518 3390 dominus
536 3350 602 3390 suae
618 3326 781 3406 mulieris,
801 3326 920 3388 intrare
934 3346 1000 3388 non
1014 3346 1090 3410 per·
