2286 4238
589 359 631 416 ι
655 343 695 408 50
717 357 759 414 Q

284 444 396 529 Noluit
412 463 506 545 dare,
522 479 665 530 retentus
678 480 735 528 est.
751 462 827 528 Non
843 463 967 528 habens
983 465 1074 528 auxi-

281 584 363 650 lium
387 585 500 674 fugere
521 584 644 664 voluit,
670 582 728 648 sed
750 605 808 672 per
831 584 998 672 caputium
1021 608 1075 649 re·

283 720 423 786 nactus,
451 705 554 793 capite
579 703 702 768 nudato
726 703 875 792 apparuit
898 704 1075 768 scabiosus.

283 825 464 914 Interrogat
473 825 619 913 protinus
628 841 691 888 tres
702 822 861 888 denarios.
870 822 992 889 Videns
1004 828 1076 914 gib·

284 946 384 1009 bosus
408 965 515 1030 neque
542 942 634 1032 fuga,
661 965 767 1029 neque
794 943 914 1006 auxilio
931 966 964 1006 se
982 967 1077 1032 posse

285 1061 434 1143 defendi,
458 1063 554 1151 coepit
577 1062 609 1125 vi
632 1064 798 1143 resistere,
834 1062 1077 1151 defendensque

286 1206 320 1248 se
337 1183 466 1247 nudatis
483 1182 625 1247 brachiis
642 1182 791 1269 apparuit
804 1182 928 1245 habens
946 1183 1076 1270 impeti-

286 1305 411 1393 ginem3
425 1319 575 1390 quartum
585 1323 662 1364 vero
673 1301 842 1364 denarium
855 1302 1004 1388 postulat.
1018 1305 1079 1365 Cui

281 1421 474 1486 ‘defendenti
492 1442 626 1508 cappam
648 1419 796 1501 abstulit,
817 1436 849 1482 ct
867 1419 1002 1484 cadente
1025 1421 1079 1484 illo

286 1543 320 1604 in
345 1559 482 1624 terram,
509 1539 698 1601 herniosum
723 1541 899 1627 comperit,
929 1542 1080 1627 quintum

288 1683 365 1750 ergo
385 1660 555 1724 denarium
573 1662 713 1722 extorsit.
733 1660 785 1724 Sic
809 1662 944 1750 contigit
965 1676 1002 1723 ut
1024 1661 1080 1748 qui

288 1803 391 1844 unum
403 1779 479 1858 darc
491 1778 609 1861 noluit,
624 1781 769 1866 quinque
786 1750 905 1844 invitus
921 1779 1021 1844 dedit.

334 2153 423 2229 Dixit
438 2152 651 2241 philosophus
670 2149 736 2223 filio
752 2173 812 2214 suo
830 2173 838 2213 :
860 2150 937 2230 Fili,
950 2149 1026 2213 vide
1041 2173 1082 2212 ne

290 2291 431 2352 transeas
453 2297 512 2362 per
530 2273 641 2338 sedem
655 2271 756 2360 gentis
776 2271 911 2363 iniquae,
931 2269 1082 2339 transitus

292 2418 431 2481 namque
448 2417 543 2459 causa
565 2393 602 2458 fit
618 2409 736 2473 status,
759 2407 858 2456 status
874 2390 1000 2456 occasio
1017 2412 1083 2453 ses·

293 2515 409 2595 sionis,
424 2517 522 2580 sessio
536 2537 632 2579 caiisa
645 2513 776 2600 operis„
