2286 4238
474 358 667 430 »1264

384 667 588 736 rituti
614 670 761 754 xvtu.

218 970 365 1032 Narravit
389 971 469 1033 mihi
495 971 645 1058 magister
671 994 763 1036 meus
790 973 968 1059 quemdam

176 1091 298 1178 Regem
314 1064 466 1154 habuisse
487 1091 660 1154 incisorem
677 1092 734 1177 qui
750 1091 896 1158 diversos
918 1094 968 1158 di·

175 1211 275 1273 versis
295 1211 496 1297 temporibus
509 1226 598 1296 aptos
615 1211 645 1272 ei
660 1211 826 1276 incidebat
834 1237 969 1301 pannos.

173 1331 216 1393 At
237 1329 289 1392 ille
310 1329 487 1418 discipulos
511 1345 635 1392 sutores
662 1329 804 1393 habebat
826 1355 968 1419 quorum

172 1450 308 1536 quisque
320 1449 490 1512 artificiose
506 1449 621 1512 suebat
637 1447 727 1535 quod
743 1452 898 1540 magister
918 1454 968 1516 in·

173 1571 257 1633 cisor
271 1570 367 1656 Regis
386 1567 559 1630 incidebat
584 1569 672 1630 Inter
690 1591 771 1654 quos
793 1593 880 1634 unus
900 1589 967 1636 erat

173 1687 350 1776 disciptdus
367 1688 498 1749 nomine
510 1687 620 1751 Nediu
632 1689 689 1773 qui
702 1690 807 1753 socios
824 1707 893 1754 arte
906 1714 962 1756 su-

173 1807 254 1870 toria
273 1807 454 1895 superabat.
474 1806 538 1870 Sed
554 1807 607 1871 die
626 1808 708 1871 festo
728 1810 881 1874 veniente
900 1811 970 1874 Rex

172 1949 307 1990 suorum
324 1927 496 1990 incisorem
512 1950 696 2014 pannorum
709 1929 836 1993 vocavit
849 1945 884 1993 et
894 1952 967 2018 pre·

171 2047 266 2111 tiosas
285 2063 387 2110 vestes
402 2046 466 2110 sibi
481 2062 515 2110 et
530 2045 743 2110 familiaribus
758 2048 865 2133 parari
877 2071 963 2135 pru·

172 2169 266 2255 cepit.
284 2165 383 2247 Quod
405 2182 442 2230 ut
465 2165 561 2228 citius
583 2181 616 2229 et
637 2166 707 2229 sine
732 2165 969 2253 impedimento

171 2288 279 2367 fieret,
303 2311 406 2351 unum
423 2286 464 2350 de
479 2288 663 2351 camerariis
685 2289 751 2352 suis
774 2290 967 2352 eunuchum

170 2409 261 2486 eujus
280 2407 360 2469 illud
374 2423 441 2470 erat
453 2405 600 2469 officium
615 2407 781 2470 sutoribus
793 2409 967 2472 custodem

170 2524 313 2603 addidit,
333 2542 365 2588 et
377 2542 414 2588 ut
432 2548 548 2588 eorum
567 2547 684 2592 curtos
705 2548 831 2615 ungues
850 2528 965 2590 obser·

170 2661 277 2723 taret,
297 2661 330 2707 et
344 2646 389 2708 eis
404 2645 445 2708 ad
464 2645 691 2710 sufficientiam
705 2647 888 2709 necessaria
900 2647 966 2710 mi-¹

170 2763 460 2848 nistraretrogavit.
475 2762 538 2826 Sed
554 2765 588 2826 in
601 2785 666 2826 una
682 2762 809 2827 dierum
824 2764 966 2829 ministri

170 2881 311 2946 calidum
321 2903 437 2968 panem
449 2883 554 2944 etmel
570 2905 645 2945 cum
657 2883 725 2945 aliis
738 2881 869 2945 ferctdis
881 2882 965 2945 inci-

169 3006 234 3069 sori
253 3021 285 3067 et
302 3002 460 3067 consociis
476 3001 718 3065 comedendum
731 2999 915 3082 dederunt,
933 3016 967 3063 et

168 3125 225 3210 qui
233 3122 366 3185 aderant
376 3119 547 3184 comedere
557 3136 732 3207 caeperunt.
743 3118 875 3201 Quibus
886 3140 967 3207 epu·

166 3242 305 3306 lantibus
328 3243 497 3305 eunuchus
522 3264 529 3304 :
557 3242 665 3322 Quare
690 3242 823 3304 absente
847 3236 963 3302 Nediu

171 3360 337 3423 comeditis
353 3384 413 3422 nec
428 3360 518 3422 iilum
532 3357 724 3446 expectatis?
740 3358 897 3445 Magister
912 3347 966 3419 iu·
