2286 4238
562 367 606 425 b
629 354 669 439 76
691 365 734 420 <a

251 499 331 542 anus
341 477 505 565 religionis
515 475 631 539 habitu
643 473 793 538 decorata
807 495 952 560 quaerens
962 495 1050 558 quae-

251 619 325 659 narn
347 611 430 658 esset
454 619 550 658 causa
572 617 643 682 quae
664 617 740 658 eum
765 592 877 656 dolore
903 593 1047 680 compel-

249 717 347 798 lerct;
374 717 432 782 sed
451 717 579 797 juvenis
607 715 689 802 quid
714 717 749 779 in
776 739 834 779 sua
861 718 1049 780 versabatur

251 838 449 901 conscientia
478 837 612 899 minime
641 834 791 923 detegere
820 836 958 899 volebat.
996 833 1049 896 Ad

251 978 349 1042 quem
363 977 444 1018 anus
464 978 474 1018 t
490 957 621 1038 Quanto
634 955 706 1041 quis
725 952 945 1017 infirmitatem
957 975 1048 1016 suam

252 1073 380 1138 medico
408 1075 551 1138 revelare
582 1073 759 1155 distulerit,
794 1091 882 1137 tanto
909 1073 1048 1160 graviori

255 1187 371 1251 morbo
392 1189 520 1252 attritus
543 1188 652 1252 fuerit.
676 1189 751 1270 Quo
776 1187 887 1251 audito
909 1187 1053 1250 narravit

253 1325 292 1365 ex
304 1302 420 1366 ordine
434 1327 506 1389 quae
519 1301 705 1369 acciderant
718 1320 751 1366 et
762 1326 858 1365 suum
872 1301 1052 1390 propalavit

251 1433 424 1480 secretum.
445 1418 506 1480 Cui
519 1440 624 1480 anus:
644 1419 692 1480 De
709 1417 760 1480 his
778 1417 927 1502 quaejam
943 1415 1051 1480 dixisti

251 1532 313 1594 Dei
322 1531 441 1593 auxilio
453 1528 636 1594 remedium
649 1531 830 1611 inveniam,
845 1547 877 1593 et
888 1554 927 1594 eo
938 1531 1050 1594 relicto

251 1640 293 1704 ad
313 1643 444 1729 propria
464 1643 628 1706 remeavit.
649 1645 729 1726 Quae
752 1645 932 1708 caniculam
953 1669 1050 1731 quam

251 1754 339 1843 apud
362 1777 396 1818 se
424 1757 585 1837 habebat,
608 1757 739 1821 duobus
763 1756 879 1820 diebus
902 1758 1051 1837 jejunare

254 1862 368 1951 coegit.
393 1864 453 1931 Die
476 1865 569 1927 tertia
591 1888 709 1952 panem
732 1867 845 1953 synapi
865 1866 1051 1929 confectum

250 1975 410 2056 jejunanti
426 1977 541 2065 largita
555 1993 618 2058 est,
636 2000 707 2066 quae
724 1978 804 2042 dum
816 1995 974 2066 gustaret,
991 2001 1051 2065 pro

254 2091 470 2155 amaritudine
493 2093 581 2157 oculi
601 2094 670 2173 ejus
689 2094 850 2158 lacrimari
873 2113 1050 2182 coeperunt.

251 2207 413 2294 Deinceps
435 2230 515 2271 anus
539 2208 591 2270 illa
616 2208 658 2270 ad
682 2207 810 2295 pudicae
833 2207 967 2271 domum
990 2209 1051 2270 soe·

254 2321 348 2383 minae
366 2322 509 2409 perrexit
527 2345 624 2408 quam
645 2322 774 2401 juvenis
797 2321 969 2409 praedictus
992 2323 1051 2385 ad·

255 2436 388 2516 amavit,
403 2459 475 2522 quae
484 2436 664 2500 honorifice
676 2459 736 2524 pro
753 2459 876 2525 magnae
889 2438 1052 2524 religionis

255 2549 363 2632 specie
384 2551 426 2612 ab
447 2573 484 2612 ea
502 2567 651 2638 suscepta
673 2567 731 2613 est.
757 2553 848 2614 Hanc
868 2568 977 2614 autem
996 2575 1054 2614 sua

257 2662 455 2746 sequebatur
467 2664 623 2727 canicula.
637 2665 784 2750 Cumque
793 2661 927 2727 vidisset
936 2667 1057 2728 mulier

256 2773 309 2838 illa
333 2775 513 2839 caniculam
535 2776 772 2857 lacrimantem,
800 2777 947 2863 quaesivit
965 2778 1055 2864 quod

258 2889 395 2953 haberet
410 2905 442 2951 et
454 2911 553 2976 quare
567 2890 798 2953 lacrimaretur.
812 2890 904 2952 Anus
914 2889 956 2953 ad
969 2891 1053 2956 hoc:

257 3005 337 3066 Cara
352 3002 473 3082 amica,
495 3024 537 3063 ne
553 3025 675 3087 quaeras
697 3001 778 3088 quid
793 3003 850 3083 sit,
875 3004 951 3089 quia
972 3002 1054 3067 adeo

256 3139 392 3204 magnus
402 3117 495 3180 dolor
503 3133 551 3180 est
564 3115 654 3204 quod
663 3139 792 3204 nequeo
805 3117 924 3180 dicere.
936 3118 1055 3180 Mulier

258 3231 359 3315 magis
383 3231 522 3293 instabat
541 3245 579 3293 ut
600 3229 739 3311 diceret,
765 3231 819 3294 cui
843 3254 924 3294 anus
946 3254 953 3294 :
978 3233 1055 3294 Haec

242 3373 245 3380 ·
261 3362 358 3424 quam
372 3344 532 3429 conspicis
542 3341 723 3406 caniculam
733 3366 804 3408 mea
819 3362 886 3409 erat
897 3345 961 3409 filia
970 3362 1055 3409 casta
