2286 4238
563 322 607 381 Β·
630 308 671 388 48
694 322 738 382 ⁴

254 447 418 519 expectes,
434 432 511 518 quia
528 430 607 494 dum
625 432 809 518 expectabis
824 432 956 496 liberari
972 434 1054 498 faci·

252 551 333 631 lius,
346 553 529 639 gravaberis
543 541 698 639 amplius,¹
713 568 746 615 et
760 574 800 614 ne
813 552 873 615 tibi
885 555 1053 642 contingat

254 671 344 758 quod
368 674 504 761 contigit
531 673 670 761 gibboso
697 671 739 736 de
762 672 990 739 versificatore.
1015 677 1056 740 Et

253 792 437 878 quomodo,
453 793 560 878 inquit
572 791 657 856 filius
669 791 683 854 i'

518 1154 727 1235 FABULA
752 1170 792 1236 V.

300 1388 440 1480 anani
449 1394 648 1458 versificator
656 1418 769 1459 versus
780 1396 901 1460 faciens
913 1420 1055 1485 praesen·

255 1515 333 1577 tavit
349 1516 436 1603 regi,
455 1531 488 1578 et
502 1514 646 1578 laudavit
659 1538 716 1578 rex
735 1517 922 1603 ingenium,
942 1517 1056 1596 jussit·

256 1657 320 1722 que
334 1651 372 1697 ut
383 1634 507 1697 donum
519 1657 578 1722 pro
595 1635 680 1699 sacto
699 1652 897 1724 exposceret.
913 1637 981 1721 Qui
995 1636 1056 1701 do·

256 1778 336 1818 num
348 1756 409 1818 tale
419 1755 599 1843 expostulat
611 1773 647 1819 ut
660 1779 695 1820 se
707 1756 881 1836 janitorem
894 1780 959 1819 suae
975 1757 1057 1820 civi·
1113 1834 1116 1839 ἕ

255 1875 326 1938 tatis
338 1897 397 1962 per
409 1896 554 1936 mensem
568 1874 704 1954 faceret,
718 1890 751 1936 et
763 1874 805 1937 ab
818 1875 907 1936 omni
919 1874 1058 1962 gibboso

257 1994 444 2074 denarium,
461 1993 501 2056 de
518 1994 666 2057 scabioso
679 1992 866 2076 denarium,
883 1993 925 2058 de
939 2017 1057 2058 mono·

254 2113 343 2176 clero
367 2113 556 2193 denarium,
581 2129 615 2178 et
638 2112 679 2176 de
702 2114 930 2202 impetiginoso
956 2113 1058 2177 dena·

256 2233 357 2313 rium,
370 2249 402 2296 et
412 2232 452 2295 de
461 2231 798 2301 herniosodenarium
806 2218 957 2315 haberet,
967 2235 1059 2321 quod

255 2376 312 2415 rex
336 2353 497 2416 concessit
513 2369 546 2416 et
565 2353 670 2440 sigillo
685 2354 860 2416 roboravit.
884 2354 971 2436 Qui,⁴
994 2356 1058 2417 rni-

256 2472 388 2534 nisterio
409 2490 579 2560 suscepto,
602 2489 702 2560 portae
720 2472 839 2536 assedit
858 2491 890 2537 et
911 2475 1057 2539 ministe-

256 2590 343 2652 rium
356 2609 453 2654 suum
474 2593 548 2680 egit.
570 2594 720 2675 Quadam
735 2593 787 2657 die
803 2596 960 2683 gibbosus
973 2596 1059 2659 bene

256 2729 387 2800 capatus
416 2735 492 2775 curn
517 2714 635 2776 baculo
658 2725 784 2803 portm
820 2716 965 2796 intrarit,
1004 2717 1059 2780 cui

255 2831 454 2896 versificator
479 2833 597 2896 obvius
626 2833 797 2899 denarium
819 2836 976 2924 postulat,
1001 2837 1059 2923 qui

255 2953 332 3019 dare
361 2952 508 3042 denegat.
532 2953 758 3019 Versificatore
783 2956 850 3020 vim
879 2956 1058 3036 inferente,

256 3074 335 3138 dum
361 3076 529 3164 caputium
554 3076 638 3139 levat
661 3075 702 3140 de
728 3077 851 3165 capite,
881 3077 1078 3165 gibbosum·

253 3194 474 3284 deprehendit
497 3199 723 3281 monoclerum
752 3221 840 3278 esse,
869 3197 951 3261 duos
981 3220 1059 3286 ergo

255 3311 404 3378 denarios
416 3317 558 3403 postulat
572 3339 591 3379 a
607 3339 673 3402 quo
690 3316 780 3404 prius
793 3339 898 3381 unum
915 3314 1057 3402 expetiit.
