2286 4238
582 354 754 432 »δάε

517 583 723 668 rinnai
753 601 833 669 111.

318 816 430 878 Ausus
451 834 460 877 ε
483 812 628 897 Quidam
651 812 852 878 versificator
873 814 1018 904 prudens
1045 835 1079 882 et

273 939 415 1019 facetus,
438 935 496 1005 sed
521 935 691 1024 ignobilis,
714 935 846 999 cuidam
869 937 938 1025 regi
961 960 1075 1003 versus

273 1081 350 1123 suos
359 1059 486 1146 optulit.
498 1057 598 1137 Cujus
611 1073 719 1121 notata
728 1057 918 1144 prudentia,
929 1083 986 1122 rex
999 1083 1076 1124 eum

240 1228 242 1232 »
273 1178 455 1244 honorifice
479 1178 638 1265 suscepit;
665 1179 743 1243 huic
767 1179 866 1267 igitur
885 1179 1077 1245 invidebant

274 1299 327 1362 alii
354 1299 587 1363 versificatores
615 1321 674 1362 sua
700 1299 834 1385 superbi
863 1302 1077 1388 generositate

274 1418 343 1505 regi
360 1418 589 1480 convenientes
603 1417 647 1480 ita
661 1417 816 1504 inquiunt
829 1419 990 1481 :Domine
1005 1442 1075 1500 rex,

275 1559 335 1598 cur
346 1537 436 1598 hunc
453 1552 519 1598 tam
532 1536 589 1598 vili
603 1553 711 1598 ortum
724 1538 873 1624 prosapia
887 1536 972 1601 adeo
985 1562 1075 1627 mag-

275 1652 409 1716 nificas?
429 1654 481 1717 Ad
498 1656 562 1717 hoc
578 1677 635 1716 rex
653 1677 660 1716 :
684 1656 792 1737 Quem
810 1656 995 1743 vituperare
1012 1682 1075 1746 pu-

274 1775 379 1854 tastis,
398 1776 498 1862 magis
512 1773 675 1838 laudastis.
694 1776 767 1862 Ipse
784 1799 862 1839 vero
877 1778 934 1864 qui
946 1778 1075 1866 vitupe-

274 1895 407 1957 rabatur
427 1895 496 1957 haec
518 1893 666 1974 adjunxit
685 1917 692 1957 :
711 1886 797 1961 Rosa
822 1919 862 1959 ex
881 1898 982 1984 spinis
1008 1915 1077 1961 orta

275 2037 481 2100 nequaquam
498 2014 751 2101 blasphematur.
770 2018 838 2078 Rex
855 2034 964 2079 autem
982 2017 1077 2079 maxi·

277 2135 337 2200 mis
353 2136 550 2198 hono'ratum
567 2135 759 2198 muneribus
774 2158 851 2198 eum
866 2134 998 2200 dimisit.

321 2496 463 2583 Contigit
471 2513 508 2559 ut
519 2496 652 2583 quidam
662 2495 861 2559 versificator
872 2496 976 2558 nobili
987 2512 1076 2559 ortus

277 2614 443 2701 prosapia,
462 2638 578 2702 parum
596 2614 836 2701 disciplinatus,
858 2615 928 2703 regi
944 2615 1075 2678 cuidam

277 2755 389 2797 versus
403 2755 478 2794 suos
493 2733 634 2795 offerret.
654 2736 743 2814 Quos
759 2748 908 2819 acceptos
922 2755 980 2795 rex
994 2733 1076 2796 male

278 2853 411 2941 quidem
437 2854 633 2943 compositos
667 2853 805 2940 sprevit,
836 2853 984 2939 nihilque
1014 2853 1077 2916 sibi

279 2974 378 3038 dedit.
400 2974 512 3060 Inquit
523 2974 622 3060 igitur
635 2972 833 3036 versificator
851 2973 939 3061 regi:
960 2973 993 3037 Si
1011 2997 1077 3038 non

277 3119 337 3183 pro
348 3096 513 3175 versibus,
528 3095 640 3156 saltem
652 3117 712 3182 pro
726 3094 938 3182 generositate
953 3093 1077 3180 aliquid

279 3216 360 3277 mihi
380 3217 512 3279 tribuas.
537 3218 606 3278 Rex
623 3238 701 3304 ergo
724 3216 791 3279 ait:
814 3215 896 3296 Quis
917 3232 966 3277 est
987 3232 1076 3302 pater

279 3333 375 3396 tuus?
387 3336 430 3399 At
441 3335 492 3398 ille
505 3336 567 3399 sibi
581 3334 744 3398 indicavit.
756 3335 811 3398 Ait
822 3357 879 3398 rex
892 3356 899 3400 z
913 3335 1031 3398 Samen
1043 3334 1076 3395 in
