2286 4238
537 325 730 395 »1084

487 622 691 689 FABULA
716 622 800 689 XV.

284 923 415 986 Dictum
430 922 491 985 fuit
504 921 544 984 de
555 921 696 1007 quodam
709 921 807 984 divite
821 921 854 983 in
869 922 1033 987 civitatem

242 1057 339 1104 eunte
349 1040 437 1127 quod
445 1040 609 1103 sacculum
616 1063 691 1102 cum
702 1041 789 1103 mille
800 1042 924 1106 talentis
932 1042 1036 1106 defer-

242 1176 409 1222 retsecum
418 1208 427 1240 ‚
436 1176 469 1222 et
479 1161 612 1247 insuper
618 1182 754 1222 aureum
767 1177 949 1247 serpentem
957 1183 1035 1224 ocu·

240 1279 289 1341 los
311 1280 485 1342 habentem
499 1280 690 1358 jacinctinos
709 1280 743 1340 in
760 1280 888 1342 sacculo
906 1278 1034 1360 eodem,

242 1397 333 1484 quod
341 1415 444 1461 totum
452 1400 550 1462 simul
559 1398 819 1480 amisitQuidam
829 1422 1036 1487 veropauper

244 1517 440 1580 iterfaciens
461 1518 599 1598 invenit,
619 1517 772 1604 deditque
789 1519 882 1580 uxori
898 1541 981 1599 suae,
1004 1535 1038 1582 et

244 1636 411 1722 quomodo
430 1638 605 1700 invenisset
620 1638 738 1701 retulit.
757 1637 876 1700 Mulier
892 1638 956 1701 hoc
975 1662 1034 1701 au-

246 1755 338 1818 diens
363 1756 436 1819 ait:
460 1756 559 1838 Quod
580 1758 668 1819 Deus
694 1757 784 1820 dedit
805 1758 1036 1822 custodiamus.

244 1875 315 1938 Alia
338 1874 391 1938 die
408 1899 466 1964 per
481 1877 566 1939 viam
582 1900 688 1964 praeco
704 1878 748 1940 ita
769 1877 937 1941 clamando
958 1901 1036 1966 per-

245 1995 349 2058 rexit:
369 1996 435 2077 Qui
448 1996 544 2059 talem
559 2019 692 2060 censum
715 1997 838 2060 invenit
853 1996 986 2083 reddat,
1006 2015 1040 2062 et

248 2118 369 2203 absque
393 2118 501 2203 aliquo
515 2133 648 2205 peccato
669 2133 800 2180 centum
825 2117 944 2180 talenta
959 2118 1039 2181 inde

248 2237 374 2300 habeat.
397 2229 624 2300 Haec'audiens
642 2237 792 2298 inventor
808 2260 940 2318 census,
958 2237 1043 2301 dixit

249 2355 344 2416 uxori
360 2353 567 2417 :Reddamus
581 2376 714 2417 censum
728 2371 760 2416 et
771 2355 894 2440 absque
904 2372 1040 2443 peccato

250 2488 380 2534 centum
402 2474 519 2536 talenta
530 2473 606 2536 inde
626 2475 812 2537 habeamus.
828 2474 909 2537 Inde
922 2475 1042 2538 mulier

249 2591 294 2652 ait
317 2613 325 2652 ε
351 2591 384 2653 Si
404 2593 492 2655 Deus
511 2592 603 2654 illum
624 2593 779 2656 voluisset
797 2594 886 2657 huno
904 2617 1043 2660 censum

251 2709 390 2787 habere,
409 2731 475 2770 non
497 2711 674 2791 amisisset3
693 2712 780 2797 quod
798 2715 886 2776 Deus
910 2714 1046 2781 donavit

252 2830 486 2895 custodiamus.
503 2833 655 2896 Inventor
668 2856 783 2897 census
801 2852 839 2898 ut
849 2835 1045 2902 redderetur

253 2951 449 3031 elaboravit,
474 2968 506 3015 at
531 2953 599 3038 ipsa
623 2954 756 3016 omnino
781 2953 979 3042 denegabat,
1012 2975 1045 3022 et

250 3089 357 3135 tamen
368 3072 463 3134 vellet
478 3071 578 3133 nollet
589 3073 706 3135 mulier
717 3121 726 3152 ‚
738 3071 889 3138 dominus
899 3074 1046 3141 reddidit

252 3209 284 3253 et
308 3192 396 3278 quod
425 3215 531 3280 praeco
560 3194 751 3280 promiserat
776 3195 915 3282 expetiit.
943 3196 1044 3260 Dives

253 3319 359 3372 autem
385 3312 499 3397 plenus
528 3313 678 3397 nequitiae
701 3313 773 3376 ait:
799 3312 917 3376 Adhuc
943 3315 1045 3379 alium
