2286 4238
614 362 658 419 b
680 349 719 412 82
743 364 786 418 ε

298 483 497 554 poneretque
518 467 605 531 intua
631 444 820 548 mulierem,
849 467 1004 555 daretque
1032 472 1095 535 sibi

296 586 429 650 satisad
442 585 682 652 comedendum
702 603 734 649 et
744 608 811 649 nnn
822 587 985 674 superflua
999 588 1095 652 indu·

296 724 420 788 menta,
434 708 618 793 faceretque
628 707 672 770 ita
681 706 816 771 domum
829 706 919 793 quod
928 730 994 771 non
1009 724 1093 772 esset

295 828 329 892 in
346 850 384 890 ea
399 828 462 890 niti
476 828 582 891 solutu
598 827 718 890 ostium
732 826 864 911 solaque
882 828 1021 890 fenestra
1035 850 1094 915 per

295 968 394 1032 quam
416 944 560 1027 videret,
589 962 621 1009 et
642 946 696 1009 tali
721 944 976 1033 altitudine,per
996 969 1094 1031 quam

295 1088 393 1130 nemo
406 1067 526 1129 intrare
539 1082 650 1154 posset
666 1066 718 1128 vel
734 1066 831 1128 exire.
848 1067 980 1130 Juvenis
998 1090 1093 1147 vero,

294 1187 406 1250 audito
431 1186 567 1250 consilio
589 1186 758 1273 sapientis,
785 1186 879 1248 sicuti
904 1186 933 1247 ei
956 1185 1095 1263 jusserat

295 1308 370 1394 egit.
383 1306 480 1368 Mane
492 1328 570 1368 vero
581 1322 657 1367 cum
665 1304 794 1383 juvenis
808 1305 916 1367 exibat
925 1303 965 1366 de
977 1304 1092 1386 domo,

293 1427 415 1489 ostium
430 1423 579 1487 firmabat
590 1438 622 1485 et
635 1423 781 1486 similiter
798 1421 930 1508 quando
942 1425 1091 1487 intrabat.

294 1543 435 1624 Quando
456 1559 564 1606 autem
588 1542 789 1621 dormiebat,
818 1543 880 1604 sub
906 1542 1010 1629 capite
1032 1564 1092 1604 suo

294 1661 417 1724 clavem
437 1659 667 1724 abscondebat.
689 1661 760 1723 Hoc
777 1677 885 1724 autem
898 1661 996 1749 lango
1011 1672 1094 1725 t'em·

293 1803 372 1867 pore
385 1783 458 1869 egit.
475 1779 623 1863 Quadam
634 1796 713 1843 vero
725 1779 779 1843 die
794 1780 874 1846 dum
888 1781 1016 1860 juvenis
1031 1782 1096 1844 iret

293 1901 475 1984 adfurum,
495 1903 628 1983 mulier,
650 1919 687 1964 ut
707 1918 776 1964 erat
791 1902 884 1964 solita
902 1904 1024 1982 facere,
1040 1927 1091 1966 as·

294 2023 404 2086 cendit
425 2023 597 2086 fenestram
621 2039 654 2086 et
672 2039 784 2084 euntes
798 2020 834 2084 'et
852 2021 1024 2085 redeuntes
1044 2023 1091 2084 in·

293 2157 381 2205 tente
396 2144 527 2230 aspexit.
541 2140 609 2205 Hac
624 2164 691 2204 una
703 2135 755 2203 die
773 2163 846 2203 eum
865 2139 906 2202 ad
918 2143 1091 2204 fenestram

294 2279 407 2344 staret,
435 2262 517 2325 vidit
540 2261 716 2349 quemdam
737 2262 890 2340 juvenem
912 2263 1092 2324 formosum

294 2402 430 2470 corpore
454 2399 549 2468 atque
574 2381 764 2465 faciesquo
786 2380 856 2477 visa
876 2380 982 2441 statim
1006 2380 1092 2447 illius

294 2525 404 2566 amore
417 2522 572 2565 succensa
585 2501 661 2580 fuit,
682 2514 715 2560 et
732 2514 879 2584 utsupra
892 2474 1015 2562 dictum
1027 2515 1092 2576 est,

293 2621 455 2686 custodita
465 2622 562 2707 caepit
573 2620 715 2708 cogitare
727 2617 894 2706 quomado
906 2634 938 2680 et
949 2640 1013 2703 qua
1026 2634 1093 2715 arte

293 2758 403 2831 posset
425 2741 517 2826 loqui
535 2739 611 2802 cum
631 2739 782 2803 adamato
800 2739 930 2818 juvene.
958 2739 1001 2800 At
1025 2739 1105 2825 ipsae

292 2863 388 2950 plena
412 2861 544 2948 ingenio
569 2877 605 2923 ac
638 2859 816 2924 dolositatis
845 2875 912 2922 arte
941 2858 1094 2944 cogitavit

291 2983 382 3072 quod
399 2983 504 3048 claves
521 2981 646 3046 domini
662 2982 713 3044 sui
730 2957 894 3044 furaretur
911 2978 991 3041 dum
1013 2977 1091 3040 dor-

290 3107 403 3186 miret,
431 3120 464 3167 et
489 3105 533 3167 ita
557 3104 632 3191 egit.
661 3105 737 3166 Haec
763 3120 842 3164 vern
871 3117 998 3162 assueta
1019 3116 1094 3171 ,erat

293 3222 465 3290 dominum
481 3241 578 3286 suum
595 3242 790 3308 unaqueque
811 3236 907 3282 nocte
931 3217 1093 3282 inebriare

259 3384 264 3391 ·
292 3343 371 3406 rino
398 3359 435 3406 ut
456 3343 602 3406 securius
626 3341 668 3406 ad
689 3341 830 3406 amicum
858 3363 955 3404 suum
986 3357 1096 3426 posset
