2286 4238
580 387 623 445 ι
648 366 707 431 130
729 382 772 440 ς

287 509 372 550 vere.
389 488 465 551 Haee
483 483 596 551 videns
613 487 784 550 eunuchus
798 488 904 555 statim
920 511 1000 555 suos
1020 476 1080 561 tit·

285 600 370 665 cavit
382 599 540 687 clyentes,
556 599 773 686 precepitque
793 599 970 667 incisorem
987 600 1081 692 ligati

284 727 317 775 et
332 733 373 774 ne
389 711 514 796 aliquos
534 710 722 775 verberaret
739 711 879 800 graviter
900 715 1078 783 verberari.

282 824 346 889 Sed
360 823 481 886 incisor
498 821 657 887 clamabat
670 824 714 887 ita
728 822 869 889 dicendo
890 846 898 890 :
918 827 1012 909 Quid
1024 829 1076 893 fo·

280 935 390 999 risfeci
399 951 436 997 ut
445 933 525 1019 quid
532 934 650 998 talibus
659 958 710 997 me
719 933 859 1025 affligitis
869 939 1078 1005 verberibus?

279 1049 325 1113 At
344 1048 391 1110 illi
405 1049 511 1112 acrius
532 1048 734 1113 verberando
754 1051 913 1117 tacebant
935 1053 1076 1137 Quando

281 1177 388 1224 autern
406 1160 480 1224 lassi
495 1160 629 1225 fuerunt
639 1161 842 1225 verberando
856 1185 993 1229 exosum
1005 1167 1076 1231 vitre

279 1273 457 1355 solverant,
480 1274 537 1359 qui
555 1274 715 1362 respirans
732 1273 790 1338 sed
805 1275 903 1364 longo
921 1280 1076 1367 temporis

279 1387 446 1450 intervallo
458 1374 605 1472 quaesivit
614 1385 655 1449 ab
677 1389 831 1451 eunucho
847 1388 928 1475 quid
945 1391 1074 1457 forisfe-

279 1501 383 1563 cisset
404 1499 584 1563 Eunuchus
600 1497 642 1561 ad
659 1499 746 1562 hoc:
764 1499 853 1562 Dixit
866 1501 949 1564 mihi
964 1502 1076 1569 Nediu

280 1611 459 1698 discipulus
480 1626 553 1673 tuus
578 1609 668 1696 quod
693 1609 890 1698 quandoque
917 1614 1075 1682 insanires

280 1743 312 1789 et
334 1748 400 1788 non
424 1725 486 1787 nisi
507 1725 621 1788 vinclis
643 1742 675 1788 et
693 1725 884 1790 verberibus
906 1746 1075 1819 correptus

277 1861 432 1920 cessares,
450 1853 483 1902 et
492 1836 566 1900 ideo
576 1855 607 1901 te
618 1838 725 1926 ligavi.
741 1839 813 1902 Hoc
828 1839 941 1905 audito
951 1843 1075 1909 incisor

276 1926 1072 2039 Nediudiscipulumsuumrocavitetaitzdmice,

275 2055 406 2153 quando
423 2086 476 2128 me
496 2064 614 2127 novisti
632 2062 810 2127 insanum?
829 2063 882 2128 Ad
898 2065 965 2130 hoc
979 2066 1076 2133 disci·

274 2179 391 2267 pulus:
411 2175 551 2259 Quando
574 2175 692 2238 novisti
711 2197 764 2237 mc
786 2175 851 2238 mel
867 2199 936 2240 non
958 2201 1072 2243 cone·

275 2286 1072 2374 deretumuchusetaltihaecaudientosrisamm,

273 2419 307 2467 et
325 2420 501 2488 utrumque
519 2401 636 2464 merito
653 2422 762 2487 poenas
780 2400 961 2488 suscepisse
978 2403 1071 2483 judi-

275 2530 439 2578 caverunt.

324 2622 376 2685 Ad
401 2623 464 2687 hoe
493 2639 583 2709 pater
606 2645 613 2684 :
636 2622 755 2687 Merito
773 2624 838 2687 hoc
862 2623 909 2687 illi
931 2625 1069 2720 accidit,

274 2733 350 2820 quia
365 2734 392 2796 si
408 2732 586 2798 custodiret
600 2734 689 2820 quod
706 2734 836 2824 Moyses
856 2739 1013 2826 precepit
1033 2754 1071 2805 ut

272 2845 419 2936 diligeret
427 2846 559 2911 fratrem
572 2869 669 2911 suum
687 2848 772 2913 sicut
784 2849 927 2937 seipsum
941 2863 953 2893 ¹
966 2898 977 2933 ,
1002 2875 1071 2921 non

270 2956 334 3022 hoc
351 2958 381 3020 ei
397 2957 565 3020 evenisset.

313 3069 485 3156 Castigavit
506 3066 609 3130 filium
634 3090 730 3130 suum
755 3068 893 3132 dicens:
918 3071 1007 3136 Vide
1029 3097 1071 3138 ne

270 3183 414 3269 imponas
431 3180 563 3267 aliquod
579 3181 703 3245 crimen
715 3183 804 3246 socio
819 3198 877 3245 tuo
892 3205 990 3249 servo
1003 3186 1070 3255 sive

301 3369 309 3392 ¹
327 3363 418 3409 Leviu'c.
436 3377 493 3410 ιιι.
512 3363 548 3410 18.
573 3375 658 3451 ,vm
677 3347 752 3452 ’μὴ
769 3375 862 3426 mm
